ID,Asset,Timestamp,Type,Is Short Sell,Price,Quantity,Total Amount
186,AAPL,2025-02-10 16:43:56,BUY,False,149.1,986.112,147029.301194319
217,AAPL,2025-02-17 18:49:29,BUY,False,150.3,231.117460937553,34736.9543789143
267,AAPL,2025-02-28 10:57:12,BUY,False,150.6,926.646633898809,139552.983065161
71,AAPL,2025-02-09 19:09:52,BUY,False,151.3,86.5629539051891,13096.9749258551
147,AAPL,2025-02-18 20:04:31,BUY,False,148.9,455.865365949166,67878.3529898308
179,AAPL,2025-02-25 07:52:59,BUY,False,150.2,916.974043238239,137729.501294384
7,AAPL,2025-02-07 21:35:51,BUY,False,149,400.371857357743,59655.4067463037
249,AAPL,2025-02-08 10:30:01,BUY,False,152.3,460.749875308897,70172.206009545
73,AAPL,2025-02-19 18:28:53,BUY,False,149.2,606.918361378144,90552.2195176191
116,AAPL,2025-02-26 02:14:37,BUY,False,148.5,17.6637614204998,2623.06857094423
101,AAPL,2025-02-25 23:55:07,BUY,False,151,227.644264584865,34374.2839523146
139,AAPL,2025-02-06 15:08:09,BUY,False,150.3,425.859677529428,64006.7095326731
44,AAPL,2025-02-03 21:41:14,BUY,False,150.3,980.999403171725,147444.21029671
163,AAPL,2025-02-16 10:40:22,BUY,False,148.9,764.103655886392,113775.034361484
215,AAPL,2025-02-10 13:12:36,BUY,False,149.2,968.723583674617,144533.558684253
44,AAPL,2025-02-10 06:58:05,BUY,False,149.4,394.995826773553,59012.3765199689
240,AAPL,2025-02-23 03:15:55,BUY,False,151.3,379.327507430984,57392.2518743078
95,AAPL,2025-02-23 12:15:17,BUY,False,151.1,160.783473164017,24294.3827950829
201,AAPL,2025-02-11 07:35:57,BUY,False,149.7,151.763572452368,22719.0067961194
142,AAPL,2025-02-14 22:00:33,BUY,False,149.2,374.148021401748,55822.8847931408
117,AAPL,2025-02-18 23:36:19,BUY,False,148.9,213.53095063405,31794.75854941
107,AAPL,2025-02-02 10:57:37,BUY,False,150.3,426.396354756376,64087.3721198833
21,AAPL,2025-02-15 21:19:27,BUY,False,150.1,124.725593172378,18721.311535174
167,AAPL,2025-02-01 06:23:15,BUY,False,149.9,706.066066813921,105839.303415407
105,AAPL,2025-02-17 00:04:41,BUY,False,150.5,587.119786523975,88361.5278718583
16,AAPL,2025-02-15 09:25:59,BUY,False,150.4,4.39165240296902,660.504521406541
145,AAPL,2025-02-14 01:50:22,BUY,False,149.6,635.529471990036,95075.2090097094
78,AAPL,2025-02-16 02:12:47,BUY,False,151.6,700.337122921604,106171.107834915
221,AAPL,2025-02-16 16:12:09,BUY,False,150.9,662.381358522678,99953.3470010721
80,AAPL,2025-02-04 05:47:28,BUY,False,150,114.597672413899,17189.6508620849
165,AAPL,2025-02-22 11:37:30,BUY,False,151,608.05254704075,91815.9346031533
90,AAPL,2025-02-18 07:12:24,BUY,False,149.9,762.233742447825,114258.837992929
64,AAPL,2025-02-03 20:50:06,BUY,False,148.6,294.880990932019,43819.315252498
240,AAPL,2025-02-09 10:06:25,BUY,False,150.2,563.33295851689,84612.6103692369
128,AAPL,2025-02-28 17:22:32,BUY,False,150.5,530.685973245694,79868.238973477
26,AAPL,2025-02-02 14:41:36,BUY,False,150.3,555.694896549031,83520.9429513193
245,AAPL,2025-02-14 14:32:10,BUY,False,150.9,44.2421794233965,6676.14487499053
252,AAPL,2025-02-22 11:04:50,BUY,False,151,343.136368323458,51813.5916168422
201,AAPL,2025-02-05 01:27:51,BUY,False,149.8,655.081589461924,98131.2221013962
281,AAPL,2025-02-20 03:23:05,BUY,False,150.1,449.227419725505,67429.0357007983
21,AAPL,2025-02-16 04:42:58,BUY,False,149.3,594.834501136159,88808.7910196285
249,AAPL,2025-02-02 12:52:47,BUY,False,150,907.350640636092,136102.596095414
36,AAPL,2025-02-28 02:11:11,BUY,False,147.8,280.60489279303,41473.4031548099
27,AAPL,2025-02-16 13:50:01,BUY,False,150,140.41954004666,21062.931006999
149,AAPL,2025-02-28 06:22:30,BUY,False,149.9,170.033725365347,25488.0554322655
196,AAPL,2025-02-15 03:05:26,BUY,False,150.9,219.54690026129,33129.6272494287
46,AAPL,2025-02-17 17:27:28,BUY,False,150.9,761.578420384604,114922.183636037
69,AAPL,2025-02-28 23:05:55,BUY,False,150.5,839.24858865326,126306.912592316
269,AAPL,2025-02-20 21:11:13,BUY,False,149,953.702904654106,142101.732793462
12,AAPL,2025-02-25 21:20:52,BUY,False,151.6,990.895652422343,150219.780907227
280,AAPL,2025-02-05 01:09:35,SELL,True,149.9,360.7854684938,54081.7417272206
58,AAPL,2025-02-14 01:08:05,SELL,True,150.3,408.591824498675,61411.3512221508
210,AAPL,2025-02-17 00:36:47,SELL,True,149.9,502.384616021383,75307.4539416054
122,AAPL,2025-02-16 20:42:13,SELL,True,150.5,293.40257893471,44157.0881296739
265,AAPL,2025-02-03 04:42:51,SELL,True,149.9,990.407180074455,148462.036293161
79,AAPL,2025-02-27 09:23:54,SELL,False,152.1,854.481871170915,129966.692605096
297,AAPL,2025-02-12 03:43:08,SELL,False,149.1,36.3573143551267,5420.87557034939
38,AAPL,2025-02-18 02:27:05,SELL,False,149.1,702.876071143008,104798.822207423
161,AAPL,2025-02-25 12:50:50,SELL,False,149.5,410.364779770069,61349.5345756253
30,AAPL,2025-02-08 12:16:18,SELL,False,151.9,335.930507215652,51027.8440460575
152,AAPL,2025-02-21 01:19:00,SELL,False,150.6,366.967301537429,55265.2756115368
267,AAPL,2025-02-09 09:24:36,SELL,False,150.7,940.280757606134,141700.310171244
34,AAPL,2025-02-07 20:01:31,SELL,False,151.1,711.215547250483,107464.669189548
124,AAPL,2025-02-21 01:13:16,SELL,False,148.5,56.678563851213,8416.76673190512
9,AAPL,2025-02-12 07:44:12,SELL,False,149.1,243.935592277725,36370.7968086088
74,AAPL,2025-02-12 23:07:38,SELL,False,148.7,306.817196411036,45623.7171063211
5,AAPL,2025-02-27 00:02:06,SELL,False,151.2,49.8452131764937,7536.59623228585
179,AAPL,2025-02-24 04:43:08,SELL,False,149.3,520.788041322731,77753.6545694838
186,AAPL,2025-02-01 11:34:32,SELL,False,149.6,849.401701579916,127070.494556355
52,AAPL,2025-02-19 09:52:26,SELL,False,149.7,640.349189384468,95860.2736508549
250,AAPL,2025-02-19 08:10:13,SELL,False,148.6,520.32262170688,77319.9415856423
229,AAPL,2025-02-19 21:05:01,SELL,False,149.1,240.902811667884,35918.6092196816
17,AAPL,2025-02-14 00:12:16,SELL,False,149.4,502.946538109091,75140.2127934982
66,AAPL,2025-02-20 14:54:31,SELL,False,150,917.990015898884,137698.502384833
279,AAPL,2025-02-02 13:09:14,SELL,False,150.5,898.628888780896,135243.647761525
300,AAPL,2025-02-27 16:16:30,SELL,False,148.7,144.313339197186,21459.3935386215
4,AAPL,2025-02-05 23:31:39,SELL,False,150.3,588.221573562741,88409.7025064799
44,AAPL,2025-02-15 11:24:26,SELL,False,150.7,516.717144020079,77869.2736038259
145,AAPL,2025-02-07 20:37:32,SELL,False,150,842.021516508041,126303.227476206
177,AAPL,2025-02-03 08:04:04,SELL,False,150.2,984.370067027973,147852.384067602
31,AAPL,2025-02-27 22:10:10,SELL,False,148.8,966.120398124647,143758.715240948
215,AAPL,2025-02-07 19:46:22,SELL,False,150.2,959.830946378352,144166.608146028
172,AAPL,2025-02-10 07:27:06,SELL,False,150,537.083745719626,80562.5618579438
288,AAPL,2025-02-24 04:27:31,SELL,False,152.4,670.159150932467,102132.254602108
247,AAPL,2025-02-22 12:33:50,SELL,False,149.9,341.145718005786,51137.7431290674
191,AAPL,2025-02-01 17:57:40,SELL,False,149.7,691.628946077099,103536.853227742
144,AAPL,2025-02-16 02:32:48,SELL,False,149.9,229.50824677986,34403.286192301
26,AAPL,2025-02-04 13:52:24,SELL,False,149.8,981.265419479875,146993.559838085
247,AAPL,2025-02-12 04:44:02,SELL,False,150.3,254.043917990989,38182.8008740457
173,AAPL,2025-02-25 19:31:36,SELL,False,147.7,39.6075563422595,5850.03607175172
39,AAPL,2025-02-14 22:52:40,SELL,False,150.3,799.293249156875,120133.775348278
165,AAPL,2025-02-25 12:48:04,SELL,False,150.3,625.781477638862,94054.956089121
145,AAPL,2025-02-12 00:59:28,SELL,False,148,576.180359251051,85274.6931691555
295,AAPL,2025-02-15 06:22:02,SELL,False,150.2,805.095038347359,120925.274759773
104,AAPL,2025-02-02 14:17:45,SELL,False,149.8,442.202224270001,66241.8931956461
130,AAPL,2025-02-28 11:35:00,SELL,False,150.1,482.732776208937,72458.1897089614
33,AAPL,2025-02-11 23:05:23,SELL,False,149.5,447.327048877331,66875.393807161
103,AAPL,2025-02-19 22:04:15,SELL,False,149.9,849.281784712901,127307.339528464
174,AAPL,2025-02-24 16:33:40,SELL,False,150.6,193.52115256313,29144.2855760074
281,AAPL,2025-02-20 20:02:30,SELL,False,149.6,710.003419603962,106216.511572753
117,TSLA,2025-02-23 14:50:35,BUY,False,650.7,988.485701138549,643207.645730854
97,TSLA,2025-02-16 13:32:01,BUY,False,648.5,697.453873153775,452298.836740223
220,TSLA,2025-02-05 04:34:13,BUY,False,649.5,798.349724242693,518528.145895629
57,TSLA,2025-02-01 23:00:30,BUY,False,650.2,913.649383697311,594054.829279992
289,TSLA,2025-02-07 09:49:06,BUY,False,650.1,80.2067173430619,52142.3869447246
64,TSLA,2025-02-28 06:22:40,BUY,False,649.5,744.985611993617,483868.154989854
50,TSLA,2025-02-10 04:29:46,BUY,False,650.8,274.825699445682,178856.56519925
61,TSLA,2025-02-11 05:10:52,BUY,False,650.5,298.261977873202,194019.416606518
116,TSLA,2025-02-07 03:29:37,BUY,False,650.4,398.882323621236,259433.063283252
244,TSLA,2025-02-25 20:02:22,BUY,False,651.4,277.264994073769,180610.417139653
65,TSLA,2025-02-04 18:13:51,BUY,False,648.5,697.286410065038,452190.236927177
127,TSLA,2025-02-15 17:58:42,BUY,False,650.5,211.260275678396,137424.809328797
194,TSLA,2025-02-17 06:05:55,BUY,False,649,30.2399116106612,19625.7026353191
293,TSLA,2025-02-21 15:08:04,BUY,False,650.8,380.125589403724,247385.733583944
50,TSLA,2025-02-28 23:31:07,BUY,False,650.6,248.562716030013,161714.903049126
269,TSLA,2025-02-20 22:43:43,BUY,False,650,334.78230225379,217608.496464963
115,TSLA,2025-02-25 18:16:53,BUY,False,648.9,830.723434380633,539056.436569593
53,TSLA,2025-02-15 10:08:16,BUY,False,650.6,96.6762456086647,62897.5653929972
279,TSLA,2025-02-05 19:22:26,BUY,False,649.4,854.522122712488,554926.666489489
121,TSLA,2025-02-22 01:49:49,BUY,False,649.7,799.726402420289,519582.243652462
297,TSLA,2025-02-09 00:37:06,BUY,False,651.3,746.71548860075,486335.797725669
164,TSLA,2025-02-26 17:44:06,BUY,False,651.6,714.052922355827,465276.884207057
233,TSLA,2025-02-18 06:12:42,BUY,False,652.3,549.799138073273,358633.977765196
77,TSLA,2025-02-01 15:57:38,BUY,False,651.4,452.665077460003,294866.031457446
163,TSLA,2025-02-20 17:26:05,BUY,False,652.4,413.965470886252,270071.073206191
264,TSLA,2025-02-22 21:05:45,BUY,False,649.5,177.428019323753,115239.498550778
289,TSLA,2025-02-18 09:45:06,BUY,False,649,541.93880140799,351718.282113786
300,TSLA,2025-02-16 21:39:57,BUY,False,650.2,743.409039170982,483364.557268973
17,TSLA,2025-02-09 17:31:53,BUY,False,651.1,67.4740430959074,43932.3494597453
164,TSLA,2025-02-10 17:08:43,BUY,False,650.8,99.6246094083547,64835.6958029573
222,TSLA,2025-02-27 23:05:52,BUY,False,651.7,720.229629338263,469373.649439746
240,TSLA,2025-02-09 22:12:03,BUY,False,649.1,930.967156131195,604290.781044759
79,TSLA,2025-02-07 16:02:41,BUY,False,648.9,830.887411362109,539162.841232872
236,TSLA,2025-02-11 12:54:32,BUY,False,649.5,314.250120177857,204105.453055518
174,TSLA,2025-02-25 06:40:18,BUY,False,648.8,867.774555295841,563012.131475942
80,TSLA,2025-02-17 18:37:44,BUY,False,649.3,478.515522238558,310700.128589496
85,TSLA,2025-02-15 20:56:59,BUY,False,650,112.429910444328,73079.4417888135
123,TSLA,2025-02-08 03:19:30,BUY,False,651.3,635.115711173065,413650.862687018
135,TSLA,2025-02-28 20:34:27,BUY,False,649.8,110.157679881846,71580.4603872234
122,TSLA,2025-02-24 00:47:49,BUY,False,649.6,123.259744516543,80069.5300379464
162,TSLA,2025-02-28 03:24:04,BUY,False,649.8,433.932613225145,281969.412073699
224,TSLA,2025-02-15 12:37:32,BUY,False,649.1,34.9046851831865,22656.6311524064
169,TSLA,2025-02-21 20:20:05,BUY,False,651.1,458.099057399989,298268.296273133
159,TSLA,2025-02-14 14:56:51,BUY,False,650.5,686.176045068509,446357.517317065
206,TSLA,2025-02-07 02:06:02,BUY,False,649.3,674.36908117269,437867.844405428
15,TSLA,2025-02-17 09:12:47,BUY,False,650.5,3.72917941531407,2425.8312096618
34,TSLA,2025-02-11 01:43:20,BUY,False,649,104.188007315715,67618.0167478992
11,TSLA,2025-02-05 03:45:26,BUY,False,651.4,189.039506686963,123140.334655887
5,TSLA,2025-02-20 08:59:58,BUY,False,650.2,781.020842731088,507819.751943753
159,TSLA,2025-02-26 01:19:03,BUY,False,650.4,895.043046869402,582135.997683859
176,TSLA,2025-02-02 09:04:02,BUY,False,649,452.873108151574,293914.647190371
107,TSLA,2025-02-01 22:34:36,BUY,False,650.7,2.5159022535206,1637.09759636585
186,TSLA,2025-02-19 12:05:34,BUY,False,650,924.538313654464,600949.903875402
12,TSLA,2025-02-01 23:44:13,BUY,False,649.3,278.571032913965,180876.171671037
87,TSLA,2025-02-14 04:20:33,BUY,False,651.2,91.1045404058197,59327.2767122698
161,TSLA,2025-02-26 09:00:56,BUY,False,650.7,509.563128274065,331572.727567934
202,TSLA,2025-02-04 14:37:23,BUY,False,649.7,700.391535249665,455044.380451707
20,TSLA,2025-02-04 16:14:05,BUY,False,650.9,221.553396976927,144209.106092281
140,TSLA,2025-02-20 06:11:32,BUY,False,649.4,938.661598949705,609566.842357939
36,TSLA,2025-02-20 21:02:56,BUY,False,650.7,159.402483860383,103723.196247951
26,TSLA,2025-02-27 18:13:34,BUY,False,650.9,294.362424533194,191600.502128656
210,TSLA,2025-02-27 20:43:10,BUY,False,650.4,453.323229639693,294841.428557656
199,TSLA,2025-02-13 07:47:12,BUY,False,651.3,549.485877316009,357880.151895916
98,TSLA,2025-02-22 23:51:35,BUY,False,650.4,74.2409128333794,48286.28970683
163,TSLA,2025-02-14 21:59:52,BUY,False,650.2,644.172056613036,418840.671209796
10,TSLA,2025-02-09 15:33:11,BUY,False,651.1,587.301479795726,382391.993494997
52,TSLA,2025-02-04 02:26:46,BUY,False,650.8,898.465786875268,584721.534098425
239,TSLA,2025-02-01 05:28:40,BUY,False,649.3,663.837946117781,431029.978414275
7,TSLA,2025-02-27 20:23:58,BUY,False,651,998.591035275441,650082.763964312
99,TSLA,2025-02-16 03:43:42,BUY,False,650.8,942.920761020652,613652.83127224
46,TSLA,2025-02-07 12:14:19,BUY,False,649.1,801.43929787392,520214.248249962
161,TSLA,2025-02-07 19:50:59,BUY,False,648.9,929.644265396185,603246.163815584
10,TSLA,2025-02-07 05:57:32,BUY,False,651,933.028512539315,607401.561663094
220,TSLA,2025-02-19 13:11:51,BUY,False,650.1,683.725550057175,444489.98009217
200,TSLA,2025-02-28 03:55:52,BUY,False,651.3,549.907459592911,358154.728432863
284,TSLA,2025-02-17 00:37:15,SELL,True,650.3,655.147597967239,426042.482958096
17,TSLA,2025-02-21 16:10:11,SELL,True,650.4,549.871714695321,357636.563237837
28,TSLA,2025-02-21 17:11:19,SELL,True,650.4,507.020681300658,329766.251117948
291,TSLA,2025-02-02 12:52:43,SELL,True,651.9,77.5206291755989,50535.6981595729
8,TSLA,2025-02-06 20:46:01,SELL,True,649.5,963.545168582951,625822.586994627
209,TSLA,2025-02-19 01:02:22,SELL,True,649,980.175067832923,636133.619023567
228,TSLA,2025-02-21 08:04:41,SELL,True,649.2,999.550882531699,648908.432939579
202,TSLA,2025-02-21 02:23:50,SELL,True,650.8,809.207970966222,526632.547504817
290,TSLA,2025-02-22 18:27:29,SELL,True,650.2,622.468884189419,404729.26849996
167,TSLA,2025-02-26 11:11:23,SELL,True,650.2,764.080092313143,496804.876022006
225,TSLA,2025-02-16 13:30:46,SELL,True,650.5,440.119626280597,286297.816895528
41,TSLA,2025-02-19 15:29:23,SELL,True,648.8,786.727201124546,510428.608089606
125,TSLA,2025-02-07 05:49:20,SELL,True,649.8,124.959977944749,81198.9936684982
209,TSLA,2025-02-25 09:37:01,SELL,True,649.5,738.352642750632,479560.041466535
127,TSLA,2025-02-28 08:59:03,SELL,True,648.5,997.764383195033,647050.202501979
274,TSLA,2025-02-26 09:09:46,SELL,False,650.5,404.660700988051,263231.785992727
143,TSLA,2025-02-23 02:02:25,SELL,False,650.2,782.394246648792,508712.739171044
6,TSLA,2025-02-12 07:29:25,SELL,False,648.9,339.562341712517,220342.003537253
89,TSLA,2025-02-09 13:22:01,SELL,False,650,317.76705920426,206548.588482769
66,TSLA,2025-02-28 13:40:15,SELL,False,650.7,147.212901407104,95791.4349456023
178,TSLA,2025-02-08 03:52:12,SELL,False,650,384.347861573196,249826.110022577
149,TSLA,2025-02-24 10:06:07,SELL,False,649.7,693.280260618276,450424.185323694
231,TSLA,2025-02-11 20:30:51,SELL,False,651.2,89.934064612454,58565.0628756301
114,TSLA,2025-02-24 20:09:47,SELL,False,649.3,419.970296290536,272686.713381445
35,TSLA,2025-02-02 23:28:14,SELL,False,650.6,468.53311862242,304827.646975746
125,TSLA,2025-02-08 22:14:37,SELL,False,651.2,50.7645349212987,33057.8651407497
170,TSLA,2025-02-04 03:41:30,SELL,False,650.4,522.190598380478,339632.765186663
292,TSLA,2025-02-17 20:47:40,SELL,False,648.6,251.211564496143,162935.820732199
227,TSLA,2025-02-03 01:44:33,SELL,False,649.6,851.147329656065,552905.30534458
132,TSLA,2025-02-15 12:31:35,SELL,False,648.4,662.558828774461,429603.144577361
271,TSLA,2025-02-09 09:05:59,SELL,False,649.9,812.205711800391,527852.492099074
87,TSLA,2025-02-11 11:09:09,SELL,False,649.8,286.708909162627,186303.449173875
290,TSLA,2025-02-08 06:31:34,SELL,False,649.5,508.080148381166,329998.056373567
125,TSLA,2025-02-19 01:03:40,SELL,False,649.9,670.900349573154,436018.137187593
68,TSLA,2025-02-01 18:23:36,SELL,False,650.4,622.288627234814,404736.523153523
122,TSLA,2025-02-02 08:42:46,SELL,False,650.4,987.049692807947,641977.120202289
280,TSLA,2025-02-13 10:51:37,SELL,False,648.1,926.224725474383,600286.244579948
171,TSLA,2025-02-19 10:12:02,SELL,False,649.5,489.601871334077,317996.415431483
164,TSLA,2025-02-28 23:02:26,SELL,False,649.3,616.117688211036,400045.214955426
196,TSLA,2025-02-22 05:45:41,SELL,False,651.2,649.594893232722,423016.194473149
158,TSLA,2025-02-14 21:13:52,SELL,False,649.8,504.587982817667,327881.27123492
4,TSLA,2025-02-14 02:37:18,SELL,False,648.9,430.178783178147,279143.0124043
203,TSLA,2025-02-15 21:42:11,SELL,False,649,69.1401599709497,44871.9638211463
202,TSLA,2025-02-11 16:22:59,SELL,False,650.8,118.937078149153,77404.2504594685
119,TSLA,2025-02-08 22:46:36,SELL,False,651.4,666.460372597544,434132.28671004
140,TSLA,2025-02-25 02:05:36,SELL,False,649.7,973.896160020563,632740.33516536
256,TSLA,2025-02-28 17:14:43,SELL,False,650,263.429559589263,171229.213733021
31,TSLA,2025-02-12 14:28:03,SELL,False,648.7,140.664521573456,91249.0751447006
263,TSLA,2025-02-14 22:10:28,SELL,False,648.5,842.877855034599,546606.288989937
136,TSLA,2025-02-21 01:00:15,SELL,False,651.2,709.465547076508,462003.964256222
19,TSLA,2025-02-24 09:01:19,SELL,False,650.4,547.358427432236,356001.921201927
182,TSLA,2025-02-01 01:42:00,SELL,False,649.4,603.596151337687,391975.340678694
39,TSLA,2025-02-18 13:50:58,SELL,False,650.4,931.247375184858,605683.292820232
201,TSLA,2025-02-09 23:20:21,SELL,False,651.4,834.013539039929,543276.419330609
165,TSLA,2025-02-03 14:20:24,SELL,False,651.4,765.15185149071,498419.916061048
119,TSLA,2025-02-25 16:09:24,SELL,False,650.2,926.7263644734,602557.482180605
171,TSLA,2025-02-27 07:32:05,SELL,False,649.8,934.790363571361,607426.77824867
30,TSLA,2025-02-27 02:12:50,SELL,False,649.4,85.5788010699219,55574.8734148073
218,TSLA,2025-02-23 14:29:49,SELL,False,649.2,164.161587322602,106573.702489833
94,TSLA,2025-02-04 13:14:21,SELL,False,650.9,817.732325674063,532261.970781247
211,TSLA,2025-02-13 08:14:29,SELL,False,650.1,652.985840916308,424506.095179692
92,TSLA,2025-02-24 12:13:39,SELL,False,650.2,680.851949740413,442689.937721217
293,TSLA,2025-02-01 00:34:27,SELL,False,650.8,113.749305494674,74028.0480159341
254,TSLA,2025-02-16 00:32:30,SELL,False,650,132.933795400867,86406.9670105633
141,TSLA,2025-02-20 07:46:41,SELL,False,651.7,374.954391685192,244357.77706124
280,TSLA,2025-02-18 20:34:04,SELL,False,649.7,466.223713037688,302905.546360586
298,TSLA,2025-02-19 22:40:20,SELL,False,652.4,428.538948691559,279578.810126373
264,TSLA,2025-02-17 11:28:34,SELL,False,651.7,788.652851506875,513965.06332703
80,TSLA,2025-02-05 08:38:39,SELL,False,649.4,423.530995758316,275041.028645451
185,TSLA,2025-02-23 10:08:36,SELL,False,649,270.953029325975,175848.516032558
65,TSLA,2025-02-03 17:06:12,SELL,False,650.4,338.874808369959,220404.175363821
87,TSLA,2025-02-08 03:20:00,SELL,False,649.4,51.7652620451722,33616.3611721348
179,TSLA,2025-02-07 05:00:44,SELL,False,650.7,952.176461748201,619581.223659554
30,TSLA,2025-02-01 12:03:38,SELL,False,650.5,170.651827379886,111009.013710616
7,TSLA,2025-02-13 17:42:03,SELL,False,651.3,958.021745428162,623959.562797362
173,GOOG,2025-02-13 15:50:08,BUY,False,301.3,906.225752930838,273045.819358061
187,GOOG,2025-02-26 05:57:59,BUY,False,301.3,276.287256203347,83245.3502940684
68,GOOG,2025-02-03 14:49:48,BUY,False,299.5,437.151228272434,130926.792867594
167,GOOG,2025-02-03 04:34:52,BUY,False,300.6,135.737295376997,40802.6309903254
42,GOOG,2025-02-03 03:46:56,BUY,False,302.1,287.007602343208,86704.9966678831
230,GOOG,2025-02-10 22:58:34,BUY,False,298.9,814.014993850193,243309.081661823
191,GOOG,2025-02-24 08:33:45,BUY,False,301.1,95.63526437335,28795.7781028157
37,GOOG,2025-02-08 11:34:53,BUY,False,300.5,625.93311696693,188092.901648562
282,GOOG,2025-02-12 00:58:59,BUY,False,300.7,982.299343169648,295377.412491113
100,GOOG,2025-02-21 21:50:09,BUY,False,301.2,221.701460363821,66776.4798615827
281,GOOG,2025-02-06 09:15:26,BUY,False,299.4,992.065013896967,297024.265160752
69,GOOG,2025-02-25 18:38:55,BUY,False,299.1,489.767111165024,146489.342949459
101,GOOG,2025-02-10 18:23:16,BUY,False,301.4,46.5235928990385,14022.2108997702
267,GOOG,2025-02-24 05:53:11,BUY,False,299.8,176.33065064943,52863.9290646992
259,GOOG,2025-02-27 07:49:42,BUY,False,300.3,918.741673250037,275898.124476986
229,GOOG,2025-02-19 17:27:28,BUY,False,298.9,191.657316376303,57286.3718648769
5,GOOG,2025-02-02 06:48:36,BUY,False,299.1,599.471536775263,179301.936649481
33,GOOG,2025-02-06 09:19:32,BUY,False,301.5,545.004145011284,164318.749720902
46,GOOG,2025-02-23 23:58:05,BUY,False,299.2,245.731515018395,73522.8692935038
164,GOOG,2025-02-05 18:40:05,BUY,False,299.2,675.963460088324,202248.267258427
277,GOOG,2025-02-06 14:02:04,BUY,False,300,666.848807485445,200054.642245633
68,GOOG,2025-02-05 00:52:17,BUY,False,300.8,903.589517664702,271799.726913542
256,GOOG,2025-02-26 13:14:50,BUY,False,299.9,845.440845714072,253547.70962965
99,GOOG,2025-02-17 14:19:08,BUY,False,302.3,125.965984459071,38079.5171019772
99,GOOG,2025-02-12 05:36:28,BUY,False,298.3,470.689728698256,140406.74607069
296,GOOG,2025-02-24 12:05:28,BUY,False,299.5,259.025043906852,77578.0006501022
288,GOOG,2025-02-20 07:24:53,BUY,False,298.8,385.624474877628,115224.593093435
197,GOOG,2025-02-02 12:20:36,BUY,False,299.3,235.631931494203,70524.637096215
22,GOOG,2025-02-12 02:01:27,BUY,False,299,143.188782576381,42813.4459903379
29,GOOG,2025-02-11 12:38:33,BUY,False,300.3,604.915225978913,181656.042361468
38,GOOG,2025-02-08 00:09:35,BUY,False,299.1,826.376919404385,247169.336593852
294,GOOG,2025-02-26 16:17:28,BUY,False,300.7,48.7941612293352,14672.4042816611
97,GOOG,2025-02-22 00:40:54,BUY,False,301.7,50.9733295365648,15378.6535211816
100,GOOG,2025-02-02 15:39:09,BUY,False,300.8,677.838909160691,203893.943875536
191,GOOG,2025-02-14 05:14:39,BUY,False,301.4,972.103198685093,292991.904083687
87,GOOG,2025-02-24 22:59:15,BUY,False,298.9,324.29728703782,96932.4590956045
119,GOOG,2025-02-10 19:08:04,BUY,False,298.9,135.890150899012,40617.5661037148
194,GOOG,2025-02-01 05:57:37,BUY,False,300.4,995.857776832024,299155.67616034
68,GOOG,2025-02-09 22:07:22,BUY,False,299.9,487.135593332486,146091.964440413
223,GOOG,2025-02-18 01:11:09,BUY,False,300,121.219064366115,36365.7193098345
123,GOOG,2025-02-25 19:23:32,BUY,False,301.9,481.888086725603,145482.01338246
58,GOOG,2025-02-24 00:10:16,BUY,False,297.4,628.471636605835,186907.464726575
50,GOOG,2025-02-09 01:15:39,BUY,False,298.3,205.972970061128,61441.7369692344
282,GOOG,2025-02-24 20:36:51,BUY,False,301.7,55.7493859199839,16819.5897320592
59,GOOG,2025-02-15 15:15:18,BUY,False,301.2,143.676923536327,43275.4893691418
121,GOOG,2025-02-06 20:41:17,BUY,False,299.1,218.31369939845,65297.6274900765
138,GOOG,2025-02-02 23:55:31,BUY,False,299.9,537.894384863424,161314.526020541
285,GOOG,2025-02-24 10:21:01,BUY,False,301.3,686.837040301342,206944.000242794
126,GOOG,2025-02-16 11:25:14,BUY,False,301.3,835.901380340583,251857.085896618
271,GOOG,2025-02-16 05:06:36,BUY,False,299.1,173.762202809291,51972.2748602589
7,GOOG,2025-02-03 20:47:32,BUY,False,298.5,77.6324425201575,23173.284092267
222,GOOG,2025-02-22 02:46:09,BUY,False,299.8,180.572412743851,54135.6093406065
171,GOOG,2025-02-06 15:13:37,BUY,False,300.5,704.841523830615,211804.8779111
274,GOOG,2025-02-08 11:42:49,BUY,False,299.1,433.249676781929,129584.978325475
217,GOOG,2025-02-27 05:42:31,BUY,False,298.7,100.67775599064,30072.4457144042
109,GOOG,2025-02-17 10:09:38,BUY,False,300.7,780.742006053197,234769.121220196
7,GOOG,2025-02-10 14:26:24,BUY,False,299.9,889.276341476673,266693.974808854
53,GOOG,2025-02-18 00:28:06,BUY,False,297.1,272.892947882007,81076.4948157443
65,GOOG,2025-02-24 10:24:38,BUY,False,300.3,163.055513499511,48965.5707039032
221,GOOG,2025-02-04 15:59:19,BUY,False,299.6,289.005569367949,86586.0685826375
72,GOOG,2025-02-19 22:32:34,BUY,False,298.3,577.43838384919,172249.869902213
219,GOOG,2025-02-23 09:13:53,BUY,False,299.4,25.6755968824408,7687.27370660276
103,GOOG,2025-02-11 06:51:04,BUY,False,298.2,41.5352126761732,12385.8004200348
270,GOOG,2025-02-08 07:26:07,BUY,False,299.3,270.171153131903,80862.2261323785
295,GOOG,2025-02-25 20:34:10,BUY,False,300.4,204.263315213788,61360.6998902221
234,GOOG,2025-02-14 04:01:24,BUY,False,301.3,868.886037612353,261795.363132602
90,GOOG,2025-02-02 01:19:16,BUY,False,299,100.680997662085,30103.6183009633
117,GOOG,2025-02-09 22:18:24,BUY,False,300.9,682.904703822839,205486.025380292
210,GOOG,2025-02-20 15:50:05,BUY,False,302.3,423.185558812136,127928.994428909
178,GOOG,2025-02-02 20:25:22,BUY,False,300.1,23.4819517299434,7046.93371415602
225,GOOG,2025-02-28 06:24:35,BUY,False,300,297.274761480271,89182.4284440812
23,GOOG,2025-02-05 02:58:10,BUY,False,301.8,750.04152262553,226362.531528385
62,GOOG,2025-02-14 14:02:35,BUY,False,299.8,714.115722820124,214091.893701473
15,GOOG,2025-02-05 16:56:58,BUY,False,299.1,441.005394676097,131904.71354762
230,GOOG,2025-02-10 14:11:14,BUY,False,299.6,228.338491441775,68410.2120359558
143,GOOG,2025-02-24 18:07:35,BUY,False,299.8,657.356315120973,197075.423273268
226,GOOG,2025-02-06 00:52:34,BUY,False,300.4,397.936646903845,119540.168729915
280,GOOG,2025-02-27 12:30:41,BUY,False,300.1,78.8328630828019,23657.7422111488
170,GOOG,2025-02-09 19:59:05,BUY,False,300.4,176.891283144066,53138.1414564775
155,GOOG,2025-02-08 12:50:51,BUY,False,301.8,992.871915227443,299648.744015642
219,GOOG,2025-02-02 02:01:38,BUY,False,299.4,338.57860631502,101370.434730717
12,GOOG,2025-02-20 03:44:18,BUY,False,299.1,155.338141248522,46461.6380474329
62,GOOG,2025-02-09 11:38:51,BUY,False,300.3,855.212306396031,256820.255610728
13,GOOG,2025-02-23 08:44:44,BUY,False,299.8,881.597320460415,264302.876674032
88,GOOG,2025-02-03 01:16:54,BUY,False,300.1,948.147800163507,284539.154829068
74,GOOG,2025-02-06 01:56:54,BUY,False,300.1,911.542462949853,273553.893131251
91,GOOG,2025-02-09 19:41:15,BUY,False,299.9,924.781375386001,277341.934478262
146,GOOG,2025-02-04 20:18:16,BUY,False,299.4,117.341211685892,35131.9587787562
19,GOOG,2025-02-18 09:23:44,BUY,False,299.7,81.6240952497212,24462.7413463414
159,GOOG,2025-02-12 01:01:15,BUY,False,301.2,325.530360300861,98049.7445226194
16,GOOG,2025-02-21 18:06:18,BUY,False,299.2,220.623221530198,66010.4678818351
229,GOOG,2025-02-10 14:52:35,BUY,False,299.9,75.7435111348325,22715.4789893363
191,GOOG,2025-02-17 19:57:01,BUY,False,300.5,918.03097406221,275868.307705694
254,GOOG,2025-02-28 23:51:53,BUY,False,300,759.398980326703,227819.694098011
133,GOOG,2025-02-10 08:58:30,BUY,False,299.6,652.732703189403,195558.717875545
81,GOOG,2025-02-08 04:33:08,BUY,False,298.5,379.21323219004,113195.149808727
5,GOOG,2025-02-26 06:35:37,BUY,False,300.5,209.428814307206,62933.3586993154
34,GOOG,2025-02-16 03:32:43,BUY,False,301.7,676.631696562917,204139.782853032
163,GOOG,2025-02-25 04:08:12,BUY,False,301.4,324.252235232756,97729.6236991526
180,GOOG,2025-02-11 12:31:12,BUY,False,298.9,113.134507716561,33815.9043564802
232,GOOG,2025-02-03 02:41:55,SELL,True,301.3,938.051537957707,282634.928386657
141,GOOG,2025-02-01 17:52:36,SELL,True,300.3,585.266362561531,175755.488677228
294,GOOG,2025-02-19 01:36:05,SELL,True,298.6,993.508162964243,296661.537461123
19,GOOG,2025-02-13 22:46:43,SELL,True,300.4,933.038171554589,280284.666734999
41,GOOG,2025-02-22 22:30:45,SELL,True,298.3,821.060986895253,244922.492390854
240,GOOG,2025-02-20 07:09:57,SELL,True,300.8,769.970701765382,231607.187091027
89,GOOG,2025-02-27 01:22:51,SELL,True,299.4,675.763877553164,202323.704939417
223,GOOG,2025-02-01 18:22:46,SELL,True,300.8,73.5803917185573,22132.981828942
251,GOOG,2025-02-26 17:13:45,SELL,True,300.6,903.381517327235,271556.484108567
279,GOOG,2025-02-02 16:39:41,SELL,True,297.5,98.2365304004289,29225.3677941276
224,GOOG,2025-02-18 13:42:07,SELL,True,300.7,46.7889376180934,14069.4335417607
77,GOOG,2025-02-08 16:13:27,SELL,True,301.7,505.275890478226,152441.736157281
7,GOOG,2025-02-28 02:54:22,SELL,True,301.5,396.286174761884,119480.281690708
29,GOOG,2025-02-20 01:00:18,SELL,True,298.9,739.787818800739,221122.579039541
170,GOOG,2025-02-20 00:35:57,SELL,True,298.5,418.684724249331,124977.390188425
79,GOOG,2025-02-21 11:33:13,SELL,False,300.5,317.668837435432,95459.4856493472
42,GOOG,2025-02-06 12:56:09,SELL,False,299.3,370.270981836087,110822.104863541
278,GOOG,2025-02-14 13:43:17,SELL,False,299.4,416.767732941748,124780.259242759
141,GOOG,2025-02-11 20:42:00,SELL,False,301,936.494180732502,281884.748400483
122,GOOG,2025-02-04 17:53:09,SELL,False,299,611.977382630544,182981.237406533
91,GOOG,2025-02-04 16:57:15,SELL,False,301.5,865.14416332644,260840.965242922
103,GOOG,2025-02-07 01:38:45,SELL,False,297.9,497.895987277478,148323.214609961
236,GOOG,2025-02-26 19:57:18,SELL,False,299.6,950.690978907928,284827.017280815
65,GOOG,2025-02-07 09:02:56,SELL,False,301.7,562.943219233702,169839.969242808
116,GOOG,2025-02-07 16:13:36,SELL,False,300,729.885465697851,218965.639709355
294,GOOG,2025-02-01 16:02:58,SELL,False,301.3,803.440477811438,242076.615964586
59,GOOG,2025-02-01 00:05:18,SELL,False,300,743.914993416001,223174.4980248
24,GOOG,2025-02-20 02:51:58,SELL,False,299.4,422.134112415242,126386.953257124
21,GOOG,2025-02-01 23:07:33,SELL,False,300.6,862.248610868477,259191.932427064
141,GOOG,2025-02-26 05:57:33,SELL,False,298.4,79.8260139986841,23820.0825772074
145,GOOG,2025-02-22 13:56:23,SELL,False,300.1,492.132371654985,147688.924733661
150,GOOG,2025-02-12 23:12:41,SELL,False,299.4,234.739120132727,70280.8925677385
245,GOOG,2025-02-13 17:30:33,SELL,False,298.7,440.968914287741,131717.414697748
92,GOOG,2025-02-08 13:34:32,SELL,False,300.6,528.882305424729,158982.021010674
151,GOOG,2025-02-04 08:16:10,SELL,False,300.1,273.742157145624,82150.0213594018
81,GOOG,2025-02-08 11:08:39,SELL,False,300.3,212.634269904361,63854.0712522796
139,GOOG,2025-02-19 08:13:09,SELL,False,300.4,695.337718303839,208879.450578473
241,GOOG,2025-02-21 17:35:24,SELL,False,298.5,292.722914310071,87377.7899215563
77,GOOG,2025-02-09 02:25:22,SELL,False,301.6,269.876902292996,81394.8737315677
14,GOOG,2025-02-14 04:44:31,SELL,False,299.9,731.044227345941,219240.163781048
72,GOOG,2025-02-04 23:25:55,SELL,False,298.8,424.257300915528,126768.08151356
252,GOOG,2025-02-04 14:11:15,SELL,False,300.9,355.426378123962,106947.7971775
255,GOOG,2025-02-24 11:20:43,SELL,False,300.6,37.7003142493193,11332.7144633454
56,GOOG,2025-02-17 08:13:11,SELL,False,298.9,202.394968514196,60495.8560888931
102,GOOG,2025-02-10 06:27:11,SELL,False,299.8,708.787621733351,212494.528995659
189,GOOG,2025-02-08 09:32:01,SELL,False,300,652.468652567457,195740.595770237
170,GOOG,2025-02-01 15:41:35,SELL,False,298.8,94.790329593511,28323.3504825411
285,GOOG,2025-02-25 03:23:23,SELL,False,300.5,718.354433462706,215865.507255543
217,GOOG,2025-02-11 09:48:33,SELL,False,300.1,49.5867939107457,14880.9968526148
105,GOOG,2025-02-23 13:16:17,SELL,False,301.4,552.458342138678,166510.944320598
49,GOOG,2025-02-08 10:45:36,SELL,False,300.3,998.387370538478,299815.727372705
87,GOOG,2025-02-13 07:56:14,SELL,False,300.7,977.22350744846,293851.108689752
5,GOOG,2025-02-28 06:55:17,SELL,False,299,87.1576803812049,26060.1464339803
246,GOOG,2025-02-13 20:30:44,SELL,False,299.5,915.737378531507,274263.344870186
6,GOOG,2025-02-27 19:03:10,SELL,False,299.4,809.034312948138,242224.873296673
38,GOOG,2025-02-09 21:29:00,SELL,False,299.9,72.8776889471341,21856.0189152455
236,GOOG,2025-02-05 11:01:25,SELL,False,299.6,205.590482479547,61594.9085508722
291,GOOG,2025-02-24 20:57:19,SELL,False,299.6,795.631233263767,238371.117485825
9,GOOG,2025-02-28 01:10:49,SELL,False,300.7,946.795976726481,284701.550201653
252,GOOG,2025-02-17 08:48:23,SELL,False,298.8,700.566998516024,209329.419156588
298,GOOG,2025-02-03 15:49:31,SELL,False,300.4,711.386325948963,213700.452315069
120,GOOG,2025-02-19 15:11:07,SELL,False,298.2,917.021582311357,273455.835845247
235,GOOG,2025-02-04 20:48:00,SELL,False,299.3,342.450184300437,102495.340161121
291,GOOG,2025-02-23 00:22:25,SELL,False,298.4,967.971653127688,288842.741293302
261,GOOG,2025-02-18 18:51:08,SELL,False,300.6,361.393362628285,108634.844806062
118,GOOG,2025-02-24 09:25:39,SELL,False,302,856.712364494582,258727.134077364
38,GOOG,2025-02-27 07:51:20,SELL,False,299.6,541.497422113107,162232.627665087
151,GOOG,2025-02-18 01:54:17,SELL,False,300.1,744.978780001122,223568.131878337
278,GOOG,2025-02-25 23:35:55,SELL,False,299.2,759.224284359059,227159.905880231
203,GOOG,2025-02-22 21:57:47,SELL,False,299.9,626.465659734606,187877.051354408
111,GOOG,2025-02-27 02:51:06,SELL,False,299.7,639.066629245274,191528.268784808
112,GOOG,2025-02-22 08:41:00,SELL,False,299.7,28.7557144156753,8618.08761037789
293,GOOG,2025-02-20 05:49:58,SELL,False,301.5,292.296675297634,88127.4476022367
266,GOOG,2025-02-23 23:01:22,SELL,False,298.8,465.646578451588,139135.197641335
205,GOOG,2025-02-10 22:45:34,SELL,False,299.6,707.334183351571,211917.321332131
209,GOOG,2025-02-17 17:30:31,SELL,False,300.2,357.86077286044,107429.804012704
285,GOOG,2025-02-05 01:56:09,SELL,False,298.9,246.63391503122,73718.8772028315
48,GOOG,2025-02-17 07:20:26,SELL,False,301.3,316.029968677441,95219.8295625129
155,GOOG,2025-02-08 06:11:41,SELL,False,300.5,433.277845277889,130199.992506006
29,GOOG,2025-02-19 15:27:24,SELL,False,301.3,189.697919473816,57155.9831374607
296,GOOG,2025-02-05 18:46:25,SELL,False,299.4,549.393909610148,164488.536537278
296,GOOG,2025-02-19 13:57:38,SELL,False,299.6,99.6205614586014,29846.320212997
218,GOOG,2025-02-08 17:43:11,SELL,False,298.4,700.247134238967,208953.744856908
110,GOOG,2025-02-17 08:31:42,SELL,False,299.8,592.550342583172,177646.592706435
152,GOOG,2025-02-25 07:10:13,SELL,False,298.3,914.162867735346,272694.783445454
110,GOOG,2025-02-08 02:18:55,SELL,False,298.8,242.18412579178,72364.6167865839
19,GOOG,2025-02-04 12:00:20,SELL,False,299.8,631.63753092759,189364.931772092
124,GOOG,2025-02-19 08:12:31,SELL,False,300.6,921.698606584608,277062.601139333
164,GOOG,2025-02-15 19:15:13,SELL,False,301.3,752.732015288611,226798.156206458
102,GOOG,2025-02-18 03:49:46,SELL,False,296.7,263.289112018785,78117.8795359735
135,GOOG,2025-02-17 06:25:12,SELL,False,298.7,160.512923766692,47945.2103291107
156,GOOG,2025-02-09 13:14:07,SELL,False,301.2,562.062890976449,169293.342762106
151,GOOG,2025-02-16 03:03:23,SELL,False,300,495.084319744336,148525.295923301
255,GOOG,2025-02-12 21:16:45,SELL,False,299.8,125.015607618472,37479.679164018
184,GOOG,2025-02-09 04:46:12,SELL,False,299.9,350.302464297655,105055.709042867
132,GOOG,2025-02-09 13:05:53,SELL,False,300.7,82.2522099240601,24733.2395241649
139,GOOG,2025-02-27 12:54:41,SELL,False,298.9,744.44599603575,222514.908215086
136,GOOG,2025-02-23 10:49:19,SELL,False,299.7,839.861371738384,251706.453109994
218,GOOG,2025-02-06 11:07:11,SELL,False,299.5,157.771489270162,47252.5610364134
20,GOOG,2025-02-18 18:21:00,SELL,False,300.2,66.2983465153448,19902.7636239065
221,MSFT,2025-02-03 22:10:13,BUY,False,448.3,216.991143312665,97277.1295470678
129,MSFT,2025-02-22 12:35:56,BUY,False,448.6,975.205577047354,437477.221863443
83,MSFT,2025-02-27 06:15:04,BUY,False,448.5,88.7503321149097,39804.523953537
204,MSFT,2025-02-07 08:55:43,BUY,False,449.3,473.757571613452,212859.276925924
132,MSFT,2025-02-16 19:51:18,BUY,False,450.9,460.047322345295,207435.337645493
157,MSFT,2025-02-22 01:10:30,BUY,False,451.6,16.6018640491853,7497.40180461209
57,MSFT,2025-02-14 23:40:44,BUY,False,450.5,578.813629721716,260755.540189633
294,MSFT,2025-02-11 13:39:07,BUY,False,449.6,948.965944148816,426655.088489308
103,MSFT,2025-02-23 01:52:57,BUY,False,448.5,315.156375284,141347.634314874
161,MSFT,2025-02-20 10:47:38,BUY,False,450,360.673931074208,162303.268983394
196,MSFT,2025-02-24 02:16:06,BUY,False,451.1,570.44163995329,257326.223782929
239,MSFT,2025-02-24 06:16:28,BUY,False,450.4,314.153164916534,141494.585478407
258,MSFT,2025-02-03 08:42:18,BUY,False,448.9,823.522951842534,369679.453082114
195,MSFT,2025-02-20 23:34:56,BUY,False,450,264.251794850844,118913.30768288
31,MSFT,2025-02-14 21:08:31,BUY,False,450.8,352.591300011689,158948.158045269
65,MSFT,2025-02-06 04:17:54,BUY,False,449.9,523.433114135719,235492.55804966
235,MSFT,2025-02-20 01:57:54,BUY,False,452.1,199.248324460974,90080.1674888065
214,MSFT,2025-02-21 16:04:35,BUY,False,448.4,128.606380929126,57667.1012086201
260,MSFT,2025-02-24 02:41:31,BUY,False,450.5,501.023398236838,225711.040905696
140,MSFT,2025-02-17 10:23:22,BUY,False,451,994.529640118141,448532.867693282
11,MSFT,2025-02-23 22:27:29,BUY,False,449.5,370.12230960287,166369.97816649
266,MSFT,2025-02-16 15:59:55,BUY,False,449.9,296.775953638357,133519.501541897
41,MSFT,2025-02-11 13:32:00,BUY,False,450.1,920.398084796552,414271.177966928
172,MSFT,2025-02-11 04:55:19,BUY,False,449.6,69.8520722186245,31405.4916694936
172,MSFT,2025-02-23 05:16:36,BUY,False,449.9,415.846173633682,187089.193517793
278,MSFT,2025-02-08 04:53:32,BUY,False,448.7,98.4309389995497,44165.962329098
178,MSFT,2025-02-13 02:31:08,BUY,False,449,901.063493431801,404577.508550879
296,MSFT,2025-02-12 04:11:59,BUY,False,449.9,54.304958592588,24431.8008708053
220,MSFT,2025-02-24 12:11:04,BUY,False,449.7,19.4718864079474,8756.50731765395
190,MSFT,2025-02-20 15:19:38,BUY,False,452.6,416.085015072378,188320.077821758
204,MSFT,2025-02-11 04:51:13,BUY,False,449.3,574.203909709876,257989.816632647
86,MSFT,2025-02-21 22:19:10,BUY,False,449.1,458.878907507207,206082.517361487
203,MSFT,2025-02-12 02:41:58,BUY,False,450,50.0326388973761,22514.6875038192
271,MSFT,2025-02-04 13:42:44,BUY,False,449.4,579.582189478441,260464.235951612
54,MSFT,2025-02-07 23:22:44,BUY,False,451.2,974.155666414121,439539.036686051
60,MSFT,2025-02-12 16:11:20,BUY,False,449.3,777.687962283658,349415.201454047
280,MSFT,2025-02-18 12:57:51,BUY,False,449.3,573.570017914287,257705.009048889
140,MSFT,2025-02-03 13:02:09,BUY,False,449.4,214.295490576647,96304.393465145
143,MSFT,2025-02-13 22:12:13,BUY,False,450.6,339.657887160337,153049.843954448
172,MSFT,2025-02-19 05:40:45,BUY,False,447.1,631.304797783709,282256.375089096
11,MSFT,2025-02-25 08:23:02,BUY,False,450.9,680.067983901395,306642.653941139
47,MSFT,2025-02-09 09:28:34,BUY,False,450.5,931.780354249308,419767.049589313
95,MSFT,2025-02-08 06:35:07,BUY,False,451.5,822.927051957405,371551.563958769
161,MSFT,2025-02-22 13:43:05,BUY,False,450.5,491.493264136692,221417.71549358
181,MSFT,2025-02-09 08:06:28,BUY,False,450.4,603.213825941179,271687.507203907
225,MSFT,2025-02-05 02:21:38,BUY,False,449.2,835.217283299518,375179.603658143
24,MSFT,2025-02-13 13:51:52,BUY,False,448.5,821.390947566502,368393.839983576
262,MSFT,2025-02-26 16:12:29,BUY,False,449.9,277.64090442007,124910.642898589
275,MSFT,2025-02-18 11:01:41,BUY,False,450.6,916.019797534148,412758.520768887
226,MSFT,2025-02-17 09:33:11,BUY,False,451.4,183.839340420392,82985.0782657647
143,MSFT,2025-02-12 01:57:15,BUY,False,450.5,263.413144957653,118667.621803423
2,MSFT,2025-02-21 22:59:49,BUY,False,450,164.82072580144,74169.326610648
164,MSFT,2025-02-05 06:05:28,BUY,False,449.5,693.00190801401,311504.357652298
70,MSFT,2025-02-28 23:04:47,BUY,False,448.9,169.938870525285,76285.5589788002
22,MSFT,2025-02-25 13:43:59,BUY,False,448.3,637.494769329412,285788.905090375
73,MSFT,2025-02-18 13:44:51,BUY,False,449,986.186898900486,442797.917606318
183,MSFT,2025-02-18 04:09:45,BUY,False,448.7,678.882376268413,304614.522231637
167,MSFT,2025-02-19 10:30:48,BUY,False,450.2,831.778524416651,374466.691692376
191,MSFT,2025-02-14 22:14:30,BUY,False,449.3,833.809345723287,374630.539033473
131,MSFT,2025-02-26 12:59:45,BUY,False,449.4,119.173829510712,53556.718982114
146,MSFT,2025-02-23 05:35:10,BUY,False,450.2,746.596187333102,336117.603537363
288,MSFT,2025-02-14 05:12:51,BUY,False,451.3,312.623226829927,141086.862268346
118,MSFT,2025-02-14 00:52:24,BUY,False,452,190.960832937118,86314.2964875775
234,MSFT,2025-02-18 06:59:46,BUY,False,451,563.727305983635,254241.014998619
115,MSFT,2025-02-06 18:30:17,BUY,False,449.6,46.0313334712768,20695.687528686
48,MSFT,2025-02-17 15:42:49,BUY,False,449.1,410.62686630449,184412.525657346
157,MSFT,2025-02-26 21:33:23,BUY,False,450.3,38.4538149888647,17315.7528894858
125,MSFT,2025-02-09 13:53:40,BUY,False,449.3,229.576582770618,103148.758638838
135,MSFT,2025-02-13 09:11:37,BUY,False,449,532.30899739283,239006.739829381
216,MSFT,2025-02-26 10:45:28,BUY,False,450.9,354.645373476085,159909.598900367
167,MSFT,2025-02-26 12:17:03,BUY,False,451,688.776332782316,310638.126084824
30,MSFT,2025-02-01 23:29:38,BUY,False,449.9,800.651212792074,360212.980635154
34,MSFT,2025-02-26 02:23:26,BUY,False,449.7,318.761153553282,143346.890752911
149,MSFT,2025-02-19 17:20:57,BUY,False,450.6,851.798352813049,383820.33777756
96,MSFT,2025-02-08 17:03:15,BUY,False,447.5,121.630103188694,54429.4711769405
2,MSFT,2025-02-17 01:20:03,BUY,False,450.7,884.603546110494,398690.818232
206,MSFT,2025-02-23 06:10:49,BUY,False,448.6,506.611487226732,227265.913169912
131,MSFT,2025-02-18 14:30:37,BUY,False,450.6,357.532124618214,161103.975352967
98,MSFT,2025-02-20 02:27:57,BUY,False,451.7,36.612699735643,16537.95647059
229,MSFT,2025-02-08 10:34:04,BUY,False,450.5,431.84529560493,194546.305670021
176,MSFT,2025-02-05 10:41:44,BUY,False,449.9,650.245687730636,292545.534910013
32,MSFT,2025-02-16 00:29:12,BUY,False,449.1,787.633627676233,353726.262189396
285,MSFT,2025-02-11 23:24:02,BUY,False,450.3,397.147374561147,178835.462764885
89,MSFT,2025-02-22 13:20:47,BUY,False,450.3,49.6608423379403,22362.2773047745
166,MSFT,2025-02-06 00:24:22,BUY,False,448.7,271.702667980504,121912.987122852
109,MSFT,2025-02-24 13:35:44,BUY,False,447.8,388.030611638895,173760.107891897
4,MSFT,2025-02-17 09:00:07,BUY,False,450.8,751.415709453178,338738.201821493
178,MSFT,2025-02-23 12:55:52,BUY,False,449.9,880.677024736393,396216.593428903
296,MSFT,2025-02-04 20:21:00,BUY,False,450.2,835.645761315874,376207.721744407
238,MSFT,2025-02-12 15:28:27,BUY,False,449.6,544.999016217579,245031.557691423
234,MSFT,2025-02-13 11:43:46,BUY,False,450.8,878.058585349045,395828.81027535
86,MSFT,2025-02-20 23:28:27,BUY,False,450.5,861.605929816276,388153.471382232
12,MSFT,2025-02-16 14:57:20,BUY,False,451.6,450.840614082737,203599.621319764
189,MSFT,2025-02-10 10:32:57,BUY,False,451.3,761.671256338865,343742.23798573
242,MSFT,2025-02-01 03:22:28,BUY,False,450.3,257.181829662343,115808.977896953
120,MSFT,2025-02-28 09:48:24,BUY,False,447.9,787.279843730177,352622.642006746
142,MSFT,2025-02-08 00:25:22,BUY,False,449.1,98.1240707882885,44067.5201910204
230,MSFT,2025-02-28 14:03:16,BUY,False,450.9,978.475856223814,441194.763571318
20,MSFT,2025-02-15 04:14:24,BUY,False,449.3,821.505720064538,369102.520024997
55,MSFT,2025-02-11 01:27:49,BUY,False,449.5,840.387096562487,377753.999904838
133,MSFT,2025-02-24 10:07:09,BUY,False,450.1,679.214476842805,305714.436026947
39,MSFT,2025-02-28 15:49:38,BUY,False,450.3,786.876827131426,354330.635257281
48,MSFT,2025-02-05 18:14:51,BUY,False,451.2,523.453773403541,236182.342559678
210,MSFT,2025-02-19 12:09:17,BUY,False,450.4,503.470716772219,226763.210834207
176,MSFT,2025-02-11 13:48:36,BUY,False,446.7,310.163737543922,138550.14156087
282,MSFT,2025-02-02 00:52:51,BUY,False,450,92.0784067125891,41435.2830206651
106,MSFT,2025-02-10 17:55:28,BUY,False,450.4,25.5324275001184,11499.8053460533
167,MSFT,2025-02-26 00:58:12,BUY,False,448,72.9742812181598,32692.4779857356
120,MSFT,2025-02-22 03:05:18,BUY,False,450.4,575.651583073528,259273.473016317
240,MSFT,2025-02-18 07:04:20,BUY,False,450.6,0.510008954638975,229.810034960322
232,MSFT,2025-02-25 16:32:36,BUY,False,449.3,322.340435379222,144827.557615884
77,MSFT,2025-02-13 22:38:23,BUY,False,450,366.980765766732,165141.344595029
8,MSFT,2025-02-21 01:09:28,BUY,False,450.2,542.681487279048,244315.205573027
226,MSFT,2025-02-15 12:05:42,BUY,False,450.9,990.723260228195,446717.118036893
108,MSFT,2025-02-05 03:59:37,BUY,False,450.4,107.495535488837,48415.989184172
206,MSFT,2025-02-03 09:01:08,BUY,False,449.4,548.40639921168,246453.835805729
20,MSFT,2025-02-19 23:02:46,BUY,False,448,805.63254749661,360923.381278481
293,MSFT,2025-02-17 17:28:57,BUY,False,448,552.005194513051,247298.327141847
81,MSFT,2025-02-01 21:06:15,BUY,False,449.6,892.640338167228,401331.096039986
154,MSFT,2025-02-27 01:21:40,BUY,False,449.3,518.999896731793,233186.653601595
152,MSFT,2025-02-10 05:45:18,BUY,False,448.9,951.308153308761,427042.230020303
145,MSFT,2025-02-23 01:08:38,BUY,False,451.1,567.459673650254,255981.05878363
297,MSFT,2025-02-19 01:55:30,BUY,False,449.8,397.974420511633,179008.894346133
274,MSFT,2025-02-12 05:57:12,BUY,False,451.8,255.096710032333,115252.693592608
207,MSFT,2025-02-03 07:42:26,BUY,False,450.5,479.250098440374,215902.169347388
180,MSFT,2025-02-01 20:40:28,BUY,False,449.8,485.053028337622,218176.852146262
91,MSFT,2025-02-12 06:27:11,BUY,False,448.9,14.8998461524857,6688.54093785081
96,MSFT,2025-02-26 22:04:47,BUY,False,450.5,111.816494403999,50373.3307290014
170,MSFT,2025-02-09 09:52:45,BUY,False,450.2,649.815126441877,292546.769924133
88,MSFT,2025-02-17 04:25:15,BUY,False,449.9,663.505684605025,298511.207503801
90,MSFT,2025-02-13 22:59:42,BUY,False,450.5,686.137832609349,309105.093590512
91,MSFT,2025-02-28 13:15:05,BUY,False,449,819.768895936866,368076.234275653
227,MSFT,2025-02-11 06:13:24,BUY,False,449.3,39.8841551712833,17919.9509184576
266,MSFT,2025-02-02 02:45:28,BUY,False,450.4,668.830594843145,301241.299917353
225,MSFT,2025-02-07 23:13:51,BUY,False,449.7,747.817776738681,336293.654199385
253,MSFT,2025-02-15 05:36:11,BUY,False,449.4,345.630350168778,155326.279365849
122,MSFT,2025-02-22 02:16:15,BUY,False,450,329.756727564678,148390.527404105
124,MSFT,2025-02-23 10:22:34,BUY,False,449.7,141.345604102565,63563.1181649234
7,MSFT,2025-02-22 01:18:45,BUY,False,450.5,797.919758275107,359462.851102936
93,MSFT,2025-02-01 05:31:09,BUY,False,451.7,565.486605555762,255430.299729538
206,MSFT,2025-02-08 21:56:37,BUY,False,450.3,93.49224075278,42099.5560109768
258,MSFT,2025-02-05 05:02:59,BUY,False,448.8,462.690852006558,207655.654380543
110,MSFT,2025-02-05 19:38:59,BUY,False,448.2,137.062111857096,61431.2385343502
19,MSFT,2025-02-13 01:05:51,BUY,False,448.8,348.553881330587,156430.981941167
215,MSFT,2025-02-19 23:59:11,BUY,False,448.9,929.074058683085,417061.344942837
5,MSFT,2025-02-08 17:46:56,BUY,False,449.4,429.436518978531,192988.771628952
185,MSFT,2025-02-05 14:59:37,BUY,False,449,328.262190089148,147389.723350028
102,MSFT,2025-02-03 20:44:26,BUY,False,449.3,934.295722083909,419779.0679323
204,MSFT,2025-02-01 11:00:05,BUY,False,449.8,229.321591788059,103148.851986269
64,MSFT,2025-02-21 16:29:22,BUY,False,450.8,91.9298647284969,41441.9830196064
27,MSFT,2025-02-28 15:27:15,SELL,True,449.5,634.099911954701,285027.910423638
104,MSFT,2025-02-23 03:53:46,SELL,True,450.4,162.17099598966,73041.8165937431
184,MSFT,2025-02-06 12:14:53,SELL,True,450.8,23.8960012915359,10772.3173822244
283,MSFT,2025-02-21 04:04:38,SELL,True,448.1,229.374628259645,102782.770923147
86,MSFT,2025-02-03 21:47:58,SELL,True,447.1,335.385167170496,149950.708241929
160,MSFT,2025-02-28 10:06:55,SELL,True,450.6,601.652867141333,271104.781933885
184,MSFT,2025-02-08 06:57:13,SELL,True,451.7,162.746465634668,73512.5785271794
81,MSFT,2025-02-17 17:37:17,SELL,True,450.6,722.136204519406,325394.573756445
133,MSFT,2025-02-05 00:55:40,SELL,True,450.3,534.324751402656,240606.435556616
252,MSFT,2025-02-10 19:21:16,SELL,True,449.7,937.716273865095,421691.008357133
189,MSFT,2025-02-26 08:53:54,SELL,True,449.7,140.631188614751,63241.8455200536
192,MSFT,2025-02-08 14:11:40,SELL,True,450.2,386.593478398199,174044.383974869
106,MSFT,2025-02-08 00:05:36,SELL,True,449.9,802.079050319169,360855.364738594
272,MSFT,2025-02-20 13:00:10,SELL,True,450.4,563.124109351191,253631.098851777
143,MSFT,2025-02-18 16:45:09,SELL,True,450.7,694.091251931813,312826.927245668
296,MSFT,2025-02-17 23:36:09,SELL,True,448.7,612.17329609033,274682.157955731
222,MSFT,2025-02-02 16:27:06,SELL,True,449.5,918.083180797845,412678.389768631
201,MSFT,2025-02-03 04:34:31,SELL,True,450.8,127.922480904578,57667.4543917835
213,MSFT,2025-02-20 05:41:27,SELL,True,449.4,465.434568283422,209166.29498657
58,MSFT,2025-02-14 13:00:46,SELL,True,450.5,351.095022658779,158168.30770778
186,MSFT,2025-02-03 23:29:33,SELL,True,448.8,11.0354503140616,4952.71010095087
212,MSFT,2025-02-24 14:20:13,SELL,True,448.3,149.8941592281,67197.5515819574
45,MSFT,2025-02-26 08:24:43,SELL,True,448.3,727.573099234198,326171.020386691
87,MSFT,2025-02-19 23:07:36,SELL,True,450.1,5.75874409748177,2592.01071827655
77,MSFT,2025-02-15 20:47:54,SELL,True,450.9,495.638169280674,223483.250528656
122,MSFT,2025-02-13 12:08:47,SELL,True,448.8,811.945852398857,364401.298556607
207,MSFT,2025-02-19 07:08:03,SELL,True,450.1,45.0706999944875,20286.3220675188
271,MSFT,2025-02-16 11:46:49,SELL,True,449.3,664.898920798359,298739.085114703
166,MSFT,2025-02-06 17:56:48,SELL,True,450.4,23.9776501392966,10799.5336227392
173,MSFT,2025-02-18 08:07:36,SELL,True,449.5,480.214716814636,215856.515208179
131,MSFT,2025-02-05 07:51:50,SELL,True,450.3,339.142744204043,152715.977715081
98,MSFT,2025-02-02 05:41:44,SELL,True,450,151.279834371403,68075.9254671311
217,MSFT,2025-02-11 20:02:38,SELL,True,449,539.153680333441,242080.002469715
273,MSFT,2025-02-16 18:14:56,SELL,True,449.4,447.661960733849,201179.285153792
166,MSFT,2025-02-13 04:59:16,SELL,True,450.4,664.977211284042,299505.735962333
145,MSFT,2025-02-01 05:14:55,SELL,True,449.7,773.922433341216,348032.918273545
178,MSFT,2025-02-11 04:24:06,SELL,True,450.4,65.5418903381512,29520.0674083033
267,MSFT,2025-02-03 07:33:49,SELL,True,449.2,693.428999192159,311488.306437118
63,MSFT,2025-02-05 18:14:58,SELL,False,449.9,693.776894956113,312130.225040755
25,MSFT,2025-02-12 00:56:19,SELL,False,449.6,351.927948355026,158226.80558042
215,MSFT,2025-02-15 17:28:16,SELL,False,447.9,315.82094266665,141456.200220392
265,MSFT,2025-02-22 12:52:28,SELL,False,451.3,96.8889225814981,43725.9707610301
273,MSFT,2025-02-10 15:39:51,SELL,False,450.2,349.854558508088,157504.522240341
230,MSFT,2025-02-12 18:05:06,SELL,False,449.9,731.144968078294,328942.121138425
119,MSFT,2025-02-05 09:53:30,SELL,False,449.6,52.9810376989055,23820.2745494279
161,MSFT,2025-02-13 15:46:29,SELL,False,450.8,888.068384617232,400341.227785448
160,MSFT,2025-02-25 19:23:54,SELL,False,450.1,765.993178088263,344773.529457527
21,MSFT,2025-02-09 11:48:52,SELL,False,450.8,136.974641817947,61748.1685315305
6,MSFT,2025-02-28 17:55:21,SELL,False,452,743.183699653655,335919.032243452
97,MSFT,2025-02-10 16:04:43,SELL,False,448.7,486.946782096925,218493.02112689
44,MSFT,2025-02-10 08:37:33,SELL,False,449.6,493.676910120587,221957.138790216
175,MSFT,2025-02-24 03:46:31,SELL,False,449.3,984.267957544536,442231.59332476
157,MSFT,2025-02-12 07:05:18,SELL,False,450,378.144736328811,170165.131347965
67,MSFT,2025-02-20 22:33:58,SELL,False,449.3,604.303117406064,271513.390650545
127,MSFT,2025-02-14 09:01:11,SELL,False,449.9,236.133200100732,106236.326725319
31,MSFT,2025-02-24 11:42:43,SELL,False,449.7,382.397260613008,171964.04809767
105,MSFT,2025-02-02 01:32:31,SELL,False,449.8,964.889798361769,434007.431303124
55,MSFT,2025-02-17 01:35:58,SELL,False,450.4,987.93788967897,444967.225511408
65,MSFT,2025-02-01 13:28:05,SELL,False,450.9,425.795063896112,191990.994310757
110,MSFT,2025-02-24 21:43:33,SELL,False,449.6,257.141593052943,115610.860236603
195,MSFT,2025-02-15 21:56:53,SELL,False,449.2,784.814336301292,352538.59986654
14,MSFT,2025-02-12 19:49:32,SELL,False,449.8,621.617041470551,279603.345253454
27,MSFT,2025-02-28 17:42:18,SELL,False,449.5,804.955121786699,361827.327243121
48,MSFT,2025-02-27 10:52:58,SELL,False,450.1,417.286307695189,187820.567093605
156,MSFT,2025-02-05 11:07:01,SELL,False,449.7,489.926527333751,220319.959341988
1,MSFT,2025-02-28 22:51:52,SELL,False,450.5,109.668153939066,49405.5033495494
115,MSFT,2025-02-06 23:02:49,SELL,False,448.6,153.659830571178,68931.7999942302
117,MSFT,2025-02-06 22:40:09,SELL,False,448.6,514.845120223233,230959.520932142
249,MSFT,2025-02-01 18:15:18,SELL,False,449.1,233.418589592767,104828.288586112
229,MSFT,2025-02-08 10:01:29,SELL,False,450.6,113.776958301841,51267.8974108095
74,MSFT,2025-02-02 16:26:58,SELL,False,449.9,781.175490799172,351450.853310548
275,MSFT,2025-02-21 04:43:04,SELL,False,449.8,432.705417246785,194630.896677604
16,MSFT,2025-02-14 06:20:50,SELL,False,448.2,378.244240996619,169529.068814685
166,MSFT,2025-02-19 11:07:51,SELL,False,450.1,94.9510153872534,42737.4520258028
298,MSFT,2025-02-23 03:30:23,SELL,False,450.7,44.7870451468021,20185.5212476637
187,MSFT,2025-02-16 08:18:31,SELL,False,449.5,122.705723873,55156.2228809136
164,MSFT,2025-02-12 21:47:22,SELL,False,449.8,366.495777141978,164849.800558462
21,MSFT,2025-02-07 06:55:57,SELL,False,451.9,706.36686734512,319207.18735326
184,MSFT,2025-02-20 15:00:01,SELL,False,451.1,664.954130926529,299960.808460957
221,MSFT,2025-02-16 15:30:56,SELL,False,448.9,366.168619576787,164373.09332802
249,MSFT,2025-02-23 04:11:14,SELL,False,449.5,888.769611572823,399501.940401984
139,MSFT,2025-02-17 07:49:14,SELL,False,450.4,448.21136370148,201874.398211147
101,MSFT,2025-02-16 19:38:43,SELL,False,450.3,720.071967310539,324248.406879936
168,MSFT,2025-02-04 08:28:46,SELL,False,451.7,768.615506002263,347183.624061222
270,MSFT,2025-02-18 07:41:06,SELL,False,451.5,214.191589843758,96707.5028144568
219,MSFT,2025-02-26 05:04:33,SELL,False,449.6,860.430339701171,386849.480729646
195,MSFT,2025-02-10 07:40:03,SELL,False,449.5,453.450102708092,203825.821167287
14,MSFT,2025-02-14 09:22:00,SELL,False,450,490.362607980399,220663.17359118
110,MSFT,2025-02-06 10:00:13,SELL,False,449,715.756076953146,321374.478551963
162,MSFT,2025-02-13 11:10:18,SELL,False,449.5,841.697637707731,378343.088149625
154,MSFT,2025-02-15 14:45:26,SELL,False,452,967.992288656786,437532.514472867
297,MSFT,2025-02-08 15:36:21,SELL,False,449.6,631.844571916374,284077.319533602
239,MSFT,2025-02-03 00:44:58,SELL,False,449.8,231.315330692017,104045.635745269
177,MSFT,2025-02-03 07:42:52,SELL,False,451.2,870.776207570209,392894.224855678
229,MSFT,2025-02-13 01:46:16,SELL,False,449.7,650.919283924746,292718.401980958
203,MSFT,2025-02-07 07:12:29,SELL,False,451.3,591.986203167832,267163.373489643
289,MSFT,2025-02-24 21:51:59,SELL,False,450.9,388.089097997021,174989.374286857
274,MSFT,2025-02-13 15:06:01,SELL,False,449.7,157.938379714636,71024.8893576719
118,MSFT,2025-02-17 04:09:34,SELL,False,450,489.750541636216,220387.743736297
123,MSFT,2025-02-11 12:02:43,SELL,False,449.4,688.626651592394,309468.817225622
56,MSFT,2025-02-27 00:55:44,SELL,False,448.4,532.04260126283,238567.902406253
274,MSFT,2025-02-15 15:03:09,SELL,False,449,534.027684015374,239778.430122903
122,MSFT,2025-02-15 03:35:44,SELL,False,450.5,147.074370595247,66257.0039531587
172,MSFT,2025-02-12 19:06:33,SELL,False,449.1,253.225486769085,113723.566107996
237,MSFT,2025-02-28 23:19:02,SELL,False,449.2,281.601352513084,126495.327548877
291,MSFT,2025-02-26 07:04:19,SELL,False,449.2,634.884334814931,285190.043198867
264,MSFT,2025-02-16 04:08:43,SELL,False,449.8,343.851806197058,154664.542427437
266,MSFT,2025-02-14 15:55:35,SELL,False,450.4,355.32435611039,160038.08999212
216,MSFT,2025-02-16 04:54:12,SELL,False,450.8,958.848661068327,432248.976409602
183,MSFT,2025-02-24 17:56:26,SELL,False,450.9,239.749961673245,108103.257718466
225,MSFT,2025-02-16 06:55:37,SELL,False,451.2,932.317566857572,420661.686166136
88,MSFT,2025-02-18 05:17:54,SELL,False,449.3,471.653733277779,211914.022361706
207,MSFT,2025-02-16 10:23:26,SELL,False,449.7,358.032305101636,161007.127604206
126,MSFT,2025-02-16 09:35:36,SELL,False,450.8,959.651137279745,432610.732685709
40,MSFT,2025-02-17 04:59:45,SELL,False,449.7,831.883683473701,374098.092458123
292,MSFT,2025-02-22 04:53:48,SELL,False,449.4,346.189715910716,155577.658330276
38,MSFT,2025-02-11 11:46:37,SELL,False,448.9,916.330791104596,411340.892126853
23,MSFT,2025-02-01 13:44:23,SELL,False,450.9,5.04787858372691,2276.08845340246
131,MSFT,2025-02-07 23:51:30,SELL,False,449.8,823.353639482155,370344.467039073
269,MSFT,2025-02-06 07:14:40,SELL,False,449.3,884.963845334899,397614.25570897
161,MSFT,2025-02-22 06:33:45,SELL,False,449.5,29.4722571456181,13247.7795869554
270,MSFT,2025-02-05 08:28:55,SELL,False,448.8,753.38415644937,338118.809414477
132,MSFT,2025-02-20 17:58:12,SELL,False,450.2,900.188424146061,405264.828550557
258,MSFT,2025-02-23 13:00:31,SELL,False,451.4,797.813839083694,360133.166962379
178,MSFT,2025-02-22 03:10:29,SELL,False,449.4,907.240661689171,407713.953363113
149,MSFT,2025-02-11 01:56:27,SELL,False,449,763.699050375746,342900.87361871
5,MSFT,2025-02-20 04:44:58,SELL,False,449,198.833498283909,89276.2407294749
111,MSFT,2025-02-12 08:59:11,SELL,False,450.3,168.973483814543,76088.7597616889
74,MSFT,2025-02-26 21:25:14,SELL,False,449,66.9742990593173,30071.4602776335
248,MSFT,2025-02-07 17:09:16,SELL,False,451,232.960544482168,105065.205561458
85,MSFT,2025-02-26 12:22:29,SELL,False,449.5,740.62331677827,332910.180891832
99,MSFT,2025-02-28 04:26:58,SELL,False,451.1,121.38815360446,54758.196090972
169,MSFT,2025-02-07 12:22:03,SELL,False,451.7,671.519787995036,303325.488237358
46,MSFT,2025-02-02 02:18:55,SELL,False,449,866.140547614759,388897.105879027
118,MSFT,2025-02-27 01:01:46,SELL,False,448.3,31.1046929951915,13944.2338697443
133,MSFT,2025-02-12 18:18:08,SELL,False,448.6,366.673325504838,164489.65382147
230,MSFT,2025-02-28 07:41:59,SELL,False,449.8,704.377761340052,316829.117050755
272,MSFT,2025-02-03 03:27:20,SELL,False,449,498.209495570694,223696.063511242
109,MSFT,2025-02-28 12:27:40,SELL,False,450.2,379.550247663208,170873.521497976
101,MSFT,2025-02-13 01:12:31,SELL,False,450.7,496.028828664886,223560.193079264
64,MSFT,2025-02-08 19:32:10,SELL,False,448.6,142.318284071552,63843.9822344982
185,MSFT,2025-02-01 19:41:44,SELL,False,451.5,346.181007998998,156300.725111548
12,MSFT,2025-02-17 05:46:20,SELL,False,451.2,87.0284538614594,39267.2383822905
216,MSFT,2025-02-05 10:32:01,SELL,False,451.3,734.208241284383,331348.179291642
152,MSFT,2025-02-19 19:25:12,SELL,False,449.9,630.950768672594,283864.7508258
14,MSFT,2025-02-07 18:16:58,SELL,False,449.6,273.534802612762,122981.247254698
209,MSFT,2025-02-03 20:34:48,SELL,False,451.4,582.279733749425,262841.07181449
290,MSFT,2025-02-02 22:32:32,SELL,False,450.4,777.477776051777,350175.99033372
228,MSFT,2025-02-07 04:33:45,SELL,False,451.4,852.903627516362,385000.697460886
11,MSFT,2025-02-19 21:56:14,SELL,False,449,211.699712930925,95053.1711059852
188,AMZN,2025-02-27 14:28:01,BUY,False,199.8,927.1885642513,185252.27513741
109,AMZN,2025-02-21 10:27:55,BUY,False,199.9,885.225657682246,176956.608970681
233,AMZN,2025-02-06 22:23:18,BUY,False,198.6,406.083866561979,80648.2558992091
205,AMZN,2025-02-25 11:44:33,BUY,False,200.6,615.531552379024,123475.629407232
262,AMZN,2025-02-28 14:47:28,BUY,False,199.2,824.865080089449,164313.123953818
39,AMZN,2025-02-21 18:45:56,BUY,False,200.8,591.354425741074,118743.968688808
73,AMZN,2025-02-13 16:16:13,BUY,False,201.9,79.4827493569722,16047.5670951727
89,AMZN,2025-02-07 17:01:34,BUY,False,200.6,583.543757454418,117058.877745356
149,AMZN,2025-02-15 14:15:12,BUY,False,198.7,998.256205034919,198353.507940438
287,AMZN,2025-02-03 15:36:44,BUY,False,201.1,845.264033671101,169982.597171258
95,AMZN,2025-02-08 15:55:32,BUY,False,199.2,445.758016819287,88794.996950402
47,AMZN,2025-02-23 10:20:56,BUY,False,198.3,193.591414416999,38389.177478891
214,AMZN,2025-02-15 08:37:42,BUY,False,199.2,591.773721676911,117881.325358041
62,AMZN,2025-02-16 02:29:03,BUY,False,200,221.262705423585,44252.5410847169
109,AMZN,2025-02-12 05:31:48,BUY,False,201.4,423.098678033931,85212.0737560337
52,AMZN,2025-02-08 15:19:20,BUY,False,198.3,636.40992496999,126200.088121549
153,AMZN,2025-02-22 14:49:45,BUY,False,199.1,28.1009831975915,5594.90575464047
18,AMZN,2025-02-19 00:32:11,BUY,False,201.1,511.696903372711,102902.247268252
22,AMZN,2025-02-18 09:11:10,BUY,False,201.9,406.931051318036,82159.3792611115
157,AMZN,2025-02-12 09:29:55,BUY,False,200,611.72454363622,122344.908727244
227,AMZN,2025-02-15 16:12:08,BUY,False,199.6,525.894846092909,104968.611280145
133,AMZN,2025-02-19 07:12:44,BUY,False,201.4,525.906038526518,105917.476159241
157,AMZN,2025-02-15 16:26:51,BUY,False,198.9,977.12606690937,194350.374708274
3,AMZN,2025-02-05 18:59:40,BUY,False,198.6,368.175551923803,73119.6646120672
186,AMZN,2025-02-14 07:21:32,BUY,False,200.6,964.102836218919,193399.028945515
97,AMZN,2025-02-11 14:54:43,BUY,False,201.3,176.575805421937,35544.7096314358
242,AMZN,2025-02-17 12:49:38,BUY,False,199.1,476.744861877651,94919.9019998403
43,AMZN,2025-02-04 09:37:22,BUY,False,201.1,953.372625801592,191723.2350487
226,AMZN,2025-02-25 07:10:35,BUY,False,200.2,904.402265862343,181061.333625641
40,AMZN,2025-02-08 10:02:37,BUY,False,200.2,266.724183375407,53398.1815117564
187,AMZN,2025-02-23 17:46:18,BUY,False,201.3,475.908456647722,95800.3723231864
87,AMZN,2025-02-02 00:14:47,BUY,False,200,414.453608906732,82890.7217813464
181,AMZN,2025-02-05 01:29:12,BUY,False,199.1,683.046205972581,135994.499609141
206,AMZN,2025-02-08 20:34:30,BUY,False,201.8,612.986919112475,123700.760276897
21,AMZN,2025-02-11 07:25:46,BUY,False,201.2,899.917990679053,181063.499724625
193,AMZN,2025-02-26 08:37:39,BUY,False,200,396.157683275033,79231.5366550067
200,AMZN,2025-02-01 04:29:42,BUY,False,198.8,723.007702817287,143733.931320077
106,AMZN,2025-02-14 23:27:17,BUY,False,198.9,128.679064998019,25594.2660281059
228,AMZN,2025-02-25 02:52:03,BUY,False,200.1,190.418455246645,38102.7328948536
240,AMZN,2025-02-10 17:48:06,BUY,False,200,228.454352382277,45690.8704764555
46,AMZN,2025-02-11 21:40:21,BUY,False,200.7,255.511334184228,51281.1247707746
220,AMZN,2025-02-27 00:30:26,BUY,False,200.8,762.199768038123,153049.713422055
295,AMZN,2025-02-06 01:58:38,BUY,False,199.7,465.057174895256,92871.9178265827
49,AMZN,2025-02-22 02:06:11,BUY,False,200.2,177.45709392967,35526.91020472
39,AMZN,2025-02-05 10:43:51,BUY,False,199.8,105.990197691066,21176.841498675
208,AMZN,2025-02-05 03:24:54,BUY,False,199.3,987.283827824772,196765.666885477
247,AMZN,2025-02-14 16:09:12,BUY,False,198.7,198.938163462347,39529.0130799683
205,AMZN,2025-02-07 12:43:35,BUY,False,197.6,248.407109347359,49085.2448070382
239,AMZN,2025-02-25 08:17:29,BUY,False,200.9,169.923689422439,34137.669204968
71,AMZN,2025-02-12 00:09:25,BUY,False,199.1,671.713737155542,133738.205067668
208,AMZN,2025-02-24 04:50:19,BUY,False,198,65.1635269156568,12902.3783293001
293,AMZN,2025-02-11 03:00:02,BUY,False,200.8,207.972080384145,41760.7937411363
170,AMZN,2025-02-09 17:14:42,BUY,False,200.2,378.158153991088,75707.2624290159
65,AMZN,2025-02-06 08:09:13,BUY,False,199.4,775.61726334026,154658.082310048
45,AMZN,2025-02-25 13:20:31,BUY,False,201.7,335.252395077264,67620.4080870841
168,AMZN,2025-02-08 10:44:05,BUY,False,200,2.89698071883058,579.396143766117
12,AMZN,2025-02-09 08:51:32,BUY,False,200.1,968.723546203687,193841.581595358
160,AMZN,2025-02-23 22:27:58,BUY,False,201.3,474.204791074043,95457.4244432048
193,AMZN,2025-02-16 06:27:56,BUY,False,199.6,134.958490774437,26937.7147585777
105,AMZN,2025-02-08 13:27:46,BUY,False,200.7,307.474416270307,61710.1153454507
79,AMZN,2025-02-11 10:58:01,BUY,False,199.4,296.21449553506,59065.170409691
82,AMZN,2025-02-18 07:09:15,BUY,False,201,974.356700448759,195845.696790201
102,AMZN,2025-02-19 09:01:20,BUY,False,198.6,150.110982970159,29812.0412178737
2,AMZN,2025-02-16 07:14:43,BUY,False,200.4,249.922013651782,50084.3715358172
23,AMZN,2025-02-09 15:42:35,BUY,False,200.6,83.8610130560093,16822.5192190355
155,AMZN,2025-02-02 11:29:15,BUY,False,199.6,791.901888795167,158063.617003515
288,AMZN,2025-02-22 11:43:20,BUY,False,200.3,280.882709953723,56260.8068037307
10,AMZN,2025-02-10 02:39:09,BUY,False,198.7,703.814853330462,139848.011356763
216,AMZN,2025-02-04 07:58:18,BUY,False,198.6,726.754005870515,144333.345565884
295,AMZN,2025-02-07 01:10:30,BUY,False,200,306.071072306166,61214.2144612333
290,AMZN,2025-02-20 22:50:32,BUY,False,199.5,739.991440359146,147628.29235165
86,AMZN,2025-02-04 19:48:31,BUY,False,199.5,657.864555782591,131243.978878627
60,AMZN,2025-02-05 02:05:53,BUY,False,200.7,324.369957558756,65101.0504820424
273,AMZN,2025-02-21 12:25:43,BUY,False,199.4,890.770036132261,177619.545204773
158,AMZN,2025-02-15 09:22:20,BUY,False,201.4,961.91127713909,193728.931215813
144,AMZN,2025-02-13 10:24:27,BUY,False,200.8,316.447725482224,63542.7032768305
30,AMZN,2025-02-20 21:38:27,BUY,False,198.7,345.871456368334,68724.6583803879
293,AMZN,2025-02-17 17:21:18,BUY,False,201.4,596.423250513508,120119.642653421
294,AMZN,2025-02-06 17:03:05,BUY,False,199.7,470.152323994573,93889.4191017163
189,AMZN,2025-02-15 09:16:51,BUY,False,201.1,737.750135239369,148361.552196637
123,AMZN,2025-02-24 05:45:03,BUY,False,199.2,361.544351550436,72019.6348288468
167,AMZN,2025-02-09 05:01:05,BUY,False,199.6,575.258135590349,114821.523863834
23,AMZN,2025-02-05 09:02:24,BUY,False,200.5,418.63092930685,83935.5013260234
175,AMZN,2025-02-28 12:58:21,BUY,False,199.7,580.579838512602,115941.793750967
114,AMZN,2025-02-04 20:26:59,BUY,False,199.1,847.389135424855,168715.176863089
14,AMZN,2025-02-16 22:16:46,BUY,False,200,189.099214189887,37819.8428379774
88,AMZN,2025-02-07 03:25:49,BUY,False,199.3,754.049430359113,150282.051470571
99,AMZN,2025-02-21 04:59:34,BUY,False,200.8,765.575581656885,153727.576796703
182,AMZN,2025-02-12 07:34:10,BUY,False,201.9,664.840890751245,134231.375842676
13,AMZN,2025-02-14 00:51:11,BUY,False,200.2,753.730292209654,150896.804500373
201,AMZN,2025-02-10 13:00:53,BUY,False,201.9,98.1499728111001,19816.4795105611
255,AMZN,2025-02-28 23:49:12,BUY,False,200.8,604.395263815031,121362.568974058
204,AMZN,2025-02-22 18:18:46,BUY,False,201.5,440.090588070534,88678.2534962126
177,AMZN,2025-02-06 17:20:35,BUY,False,200.2,1.91213594308254,382.809615805125
132,AMZN,2025-02-28 10:57:27,BUY,False,198.3,546.284367284081,108328.190032433
124,AMZN,2025-02-12 01:43:40,BUY,False,200.7,657.634319266232,131987.207876733
284,AMZN,2025-02-24 12:20:59,BUY,False,199.7,313.191882314421,62544.4188981898
228,AMZN,2025-02-19 16:24:11,BUY,False,199.8,758.469388634692,151542.183849212
291,AMZN,2025-02-08 21:53:22,BUY,False,201.1,457.546926419748,92012.6869030114
33,AMZN,2025-02-14 18:55:54,BUY,False,200.1,942.066168873042,188507.440391496
221,AMZN,2025-02-16 23:25:30,BUY,False,199.2,424.865236625073,84633.1551357145
173,AMZN,2025-02-11 15:43:59,BUY,False,199,767.994447958888,152830.895143819
44,AMZN,2025-02-01 23:54:29,BUY,False,198.7,777.833592156288,154555.534761454
34,AMZN,2025-02-26 04:56:18,BUY,False,199.7,773.464824677912,154460.925488179
266,AMZN,2025-02-20 11:11:28,BUY,False,199.8,199.143280045146,39788.8273530202
2,AMZN,2025-02-02 19:00:28,BUY,False,201.5,132.00455915421,26598.9186695733
49,AMZN,2025-02-05 21:07:18,BUY,False,199.2,612.570902684629,122024.123814778
72,AMZN,2025-02-09 02:36:23,BUY,False,201,523.856833380535,105295.223509487
278,AMZN,2025-02-24 13:29:28,BUY,False,200.3,450.671103641539,90269.4220594003
25,AMZN,2025-02-05 09:18:54,BUY,False,200.6,569.898170547836,114321.573011896
57,AMZN,2025-02-14 20:47:29,BUY,False,200.2,249.901611199162,50030.3025620723
264,AMZN,2025-02-03 11:22:09,BUY,False,199.1,239.16069514029,47616.8944024318
252,AMZN,2025-02-03 01:41:00,BUY,False,200.1,781.607580567926,156399.676871642
215,AMZN,2025-02-24 14:29:11,BUY,False,200.5,825.484806439891,165509.703691198
140,AMZN,2025-02-26 19:56:44,BUY,False,200.2,306.616804801487,61384.6843212576
65,AMZN,2025-02-25 03:58:21,BUY,False,201.3,404.174308679531,81360.2883371896
24,AMZN,2025-02-09 06:29:17,BUY,False,200.2,877.401902813618,175655.860943286
120,AMZN,2025-02-01 09:41:28,BUY,False,199.7,313.212675724445,62548.5713421716
106,AMZN,2025-02-06 21:27:22,BUY,False,201,168.431622502611,33854.7561230248
205,AMZN,2025-02-03 01:22:17,BUY,False,200.1,994.803772904381,199060.234958167
80,AMZN,2025-02-22 17:50:09,BUY,False,201.1,71.7759652613667,14434.1466140608
296,AMZN,2025-02-24 13:24:23,BUY,False,198.9,388.408274497411,77254.405797535
299,AMZN,2025-02-14 02:03:34,BUY,False,200.6,395.162503346993,79269.5981714067
142,AMZN,2025-02-21 16:01:34,BUY,False,199.9,168.164536893535,33616.0909250176
75,AMZN,2025-02-05 20:21:28,BUY,False,199.7,101.753937543174,20320.2613273719
181,AMZN,2025-02-09 12:38:48,BUY,False,200.1,440.026187411026,88049.2401009464
170,AMZN,2025-02-06 23:07:59,BUY,False,199.6,659.207491785591,131577.815360404
56,AMZN,2025-02-02 22:59:44,BUY,False,198.7,235.110715019087,46716.4990742926
179,AMZN,2025-02-15 13:43:42,BUY,False,201.4,66.682741553688,13429.9041489128
238,AMZN,2025-02-16 07:15:26,BUY,False,199.6,555.082939965556,110794.554817125
85,AMZN,2025-02-24 15:52:58,BUY,False,200.5,306.656320675048,61484.5922953472
292,AMZN,2025-02-10 14:18:35,BUY,False,197.5,54.7860601879995,10820.2468871299
239,AMZN,2025-02-17 20:48:37,BUY,False,198.6,133.135155691936,26440.6419204185
109,AMZN,2025-02-26 19:33:17,BUY,False,199,74.6675111127026,14858.8347114278
54,AMZN,2025-02-27 07:47:51,BUY,False,199.1,92.3363461311123,18384.1665147045
293,AMZN,2025-02-15 06:03:21,BUY,False,200.5,369.744760367717,74133.8244537273
237,AMZN,2025-02-24 18:20:27,BUY,False,199.3,773.457371104867,154150.0540612
210,AMZN,2025-02-23 15:40:35,BUY,False,200,863.256088565805,172651.217713161
288,AMZN,2025-02-08 04:30:01,BUY,False,200.2,514.754375356564,103053.825946384
23,AMZN,2025-02-08 06:19:55,BUY,False,199.8,235.865301423351,47125.8872243855
64,AMZN,2025-02-27 07:19:49,BUY,False,201.6,837.035514836528,168746.359791044
241,AMZN,2025-02-03 03:09:55,BUY,False,198.9,722.750465579042,143755.067603671
52,AMZN,2025-02-28 08:49:03,BUY,False,202.2,142.60097735381,28833.9176209404
155,AMZN,2025-02-02 13:52:53,BUY,False,200,613.161596098024,122632.319219605
158,AMZN,2025-02-22 19:30:25,BUY,False,201.8,737.577817142686,148843.203499394
69,AMZN,2025-02-03 08:33:01,BUY,False,200.8,2.62398417802115,526.896022946647
81,AMZN,2025-02-10 21:48:21,BUY,False,198.7,839.71525245935,166851.420663673
199,AMZN,2025-02-19 06:03:01,BUY,False,199.5,176.66757823072,35245.1818570287
117,AMZN,2025-02-09 00:48:27,BUY,False,200.2,359.048958057316,71881.6014030747
20,AMZN,2025-02-19 07:14:57,BUY,False,200.8,325.938118781755,65448.3742513765
281,AMZN,2025-02-09 21:30:31,BUY,False,199.7,743.221296036102,148421.29281841
138,AMZN,2025-02-16 14:35:04,BUY,False,199.4,719.853556421789,143538.799150505
180,AMZN,2025-02-03 23:31:50,BUY,False,201,468.843983512365,94237.6406859853
62,AMZN,2025-02-03 17:04:35,BUY,False,199.7,890.308079980527,177794.523572111
135,AMZN,2025-02-09 00:31:07,BUY,False,199.7,239.415781229099,47811.331511451
155,AMZN,2025-02-05 21:15:46,BUY,False,199.7,299.195548834448,59749.3511022393
112,AMZN,2025-02-08 20:35:56,BUY,False,199.5,758.922497551276,151405.038261479
227,AMZN,2025-02-02 12:32:35,BUY,False,201.5,176.655925495473,35596.1689873378
176,AMZN,2025-02-16 17:42:33,BUY,False,199.5,689.624026394021,137579.993265607
292,AMZN,2025-02-09 04:04:32,BUY,False,200.4,272.83410502596,54675.9546472024
36,AMZN,2025-02-21 04:48:52,BUY,False,200.2,745.938278370606,149336.843329795
106,AMZN,2025-02-26 23:04:56,BUY,False,198.9,712.895930215581,141795.000519879
181,AMZN,2025-02-11 10:32:20,BUY,False,198.2,522.913608252186,103641.477155583
22,AMZN,2025-02-10 00:51:30,BUY,False,200.1,539.716453067317,107997.26225877
125,AMZN,2025-02-03 16:15:27,BUY,False,198.5,832.632249234161,165277.501472981
12,AMZN,2025-02-02 04:19:11,BUY,False,199.7,217.191069170378,43373.0565133245
297,AMZN,2025-02-10 11:37:34,BUY,False,200.2,415.939654636475,83271.1188582223
249,AMZN,2025-02-15 03:29:24,BUY,False,201.7,39.8883512296331,8045.48044301699
163,AMZN,2025-02-11 22:23:55,BUY,False,199.1,632.792088378379,125988.904796135
229,AMZN,2025-02-10 18:31:55,BUY,False,200.2,648.545783506993,129838.8658581
185,AMZN,2025-02-22 10:07:53,BUY,False,201.6,790.299603200906,159324.400005303
150,AMZN,2025-02-18 21:42:24,BUY,False,200.1,317.079377070969,63447.5833519009
32,AMZN,2025-02-01 17:18:22,BUY,False,198.3,895.884935424945,177653.982694767
200,AMZN,2025-02-04 08:22:11,BUY,False,199.8,302.415060010675,60422.5289901329
128,AMZN,2025-02-07 04:03:23,BUY,False,200.4,362.082441091792,72561.3211947951
237,AMZN,2025-02-20 13:50:52,BUY,False,201,386.520947049862,77690.7103570223
157,AMZN,2025-02-10 13:59:15,BUY,False,199.7,386.835962207866,77251.1416529108
288,AMZN,2025-02-10 21:22:55,BUY,False,201.3,467.044988014194,94016.1560872572
38,AMZN,2025-02-24 11:05:13,BUY,False,199.6,79.048938931526,15778.1682107326
190,AMZN,2025-02-10 10:05:56,BUY,False,200.1,379.033885114268,75844.680411365
65,AMZN,2025-02-18 13:38:28,BUY,False,199.4,2.39073103524739,476.71176842833
277,AMZN,2025-02-14 06:03:50,BUY,False,200,85.808345512787,17161.6691025574
163,AMZN,2025-02-11 21:48:59,BUY,False,199.9,869.168565368735,173746.79621721
59,AMZN,2025-02-22 00:06:34,BUY,False,199.7,402.1221944113,80303.8022239367
29,AMZN,2025-02-07 15:58:02,BUY,False,200.6,270.876119693776,54337.7496105715
222,AMZN,2025-02-21 17:00:58,BUY,False,199.4,553.357015834032,110339.388957306
11,AMZN,2025-02-17 11:38:35,BUY,False,199.6,305.418449212685,60961.522462852
18,AMZN,2025-02-10 08:40:10,BUY,False,200.5,937.981985468147,188065.388086363
37,AMZN,2025-02-08 04:21:14,BUY,False,198.8,45.5103529315412,9047.45816279039
290,AMZN,2025-02-22 12:53:51,BUY,False,200.3,664.490687260808,133097.48465834
106,AMZN,2025-02-01 21:44:01,BUY,False,200.8,207.889470737862,41744.2057241627
225,AMZN,2025-02-22 06:18:05,BUY,False,200,626.060035062494,125212.007012499
145,AMZN,2025-02-21 13:00:00,BUY,False,200.1,368.814592503599,73799.7999599701
69,AMZN,2025-02-11 10:07:01,BUY,False,200.1,240.869525041884,48197.991960881
89,AMZN,2025-02-06 08:54:18,BUY,False,198.5,911.720998841546,180976.618270047
102,AMZN,2025-02-14 15:25:49,BUY,False,200.8,220.417974957575,44259.9293714811
10,AMZN,2025-02-18 01:59:51,BUY,False,200.5,210.942272734858,42293.925683339
91,AMZN,2025-02-12 18:38:15,BUY,False,199,973.617064825538,193749.795900282
81,AMZN,2025-02-16 06:06:24,BUY,False,199.9,590.280573116519,117997.086565992
13,AMZN,2025-02-06 07:36:47,BUY,False,198.5,17.304936805292,3435.02995585046
279,AMZN,2025-02-04 02:44:34,BUY,False,201.1,250.669263867637,50409.5889637818
211,AMZN,2025-02-02 19:44:49,BUY,False,200.8,591.964878310842,118866.547564817
188,AMZN,2025-02-14 05:21:35,BUY,False,200.6,586.356730536999,117623.160145722
276,AMZN,2025-02-13 22:33:50,BUY,False,199.4,865.720832242475,172624.73394915
68,AMZN,2025-02-17 16:03:12,BUY,False,199.5,589.845259276635,117674.129225689
242,AMZN,2025-02-07 20:11:54,BUY,False,200.8,179.940697880812,36132.0921344671
238,AMZN,2025-02-17 20:51:44,BUY,False,199.5,456.279151822447,91027.6907885782
294,AMZN,2025-02-11 01:18:19,BUY,False,199.1,275.048554536387,54762.1672081948
102,AMZN,2025-02-28 04:30:58,BUY,False,199.8,491.661379209383,98233.9435660348
33,AMZN,2025-02-17 17:48:38,BUY,False,199.4,389.097789310517,77586.0991885171
87,AMZN,2025-02-23 23:28:19,BUY,False,199.1,817.372427400163,162738.850295372
219,AMZN,2025-02-05 05:23:14,BUY,False,198.8,123.95796173197,24642.8427923157
245,AMZN,2025-02-18 13:55:55,BUY,False,202.2,494.02812697875,99892.4872751033
215,AMZN,2025-02-02 22:42:27,BUY,False,199.6,813.638519028445,162402.248398078
182,AMZN,2025-02-06 02:07:20,BUY,False,201.6,250.919021849545,50585.2748048683
285,AMZN,2025-02-13 06:09:44,BUY,False,198.7,492.929489354177,97945.0895346749
30,AMZN,2025-02-18 03:52:34,BUY,False,199.6,830.941205755301,165855.864668758
260,AMZN,2025-02-14 10:54:50,BUY,False,199.6,852.131803344177,170085.507947498
146,AMZN,2025-02-05 06:29:00,BUY,False,201,467.122706938081,93891.6640945543
159,AMZN,2025-02-17 20:03:16,BUY,False,199.5,333.710989369022,66575.3423791199
129,AMZN,2025-02-12 19:56:30,BUY,False,198.6,619.121704463054,122957.570506362
127,AMZN,2025-02-10 09:20:57,BUY,False,200.3,897.884628246767,179846.291037827
19,AMZN,2025-02-17 05:36:05,BUY,False,200.7,904.482334201836,181529.604474308
253,AMZN,2025-02-21 18:11:48,BUY,False,201,629.277280867773,126484.733454422
277,AMZN,2025-02-11 12:42:33,BUY,False,199.6,107.242114977855,21405.5261495799
1,AMZN,2025-02-15 22:43:20,SELL,True,200.6,600.2354115826,120407.22356347
105,AMZN,2025-02-06 03:22:28,SELL,True,199.9,199.153938084505,39810.8722230925
228,AMZN,2025-02-01 20:41:03,SELL,True,201.5,449.402683846895,90554.6407951493
244,AMZN,2025-02-08 08:11:32,SELL,True,200.9,868.561086931008,174493.922364439
269,AMZN,2025-02-21 01:25:18,SELL,True,200.6,988.429638026868,198278.98538819
263,AMZN,2025-02-13 17:49:16,SELL,True,199.3,243.268183347685,48483.3489411937
44,AMZN,2025-02-15 17:08:49,SELL,True,199.8,890.636980533057,177949.268710505
247,AMZN,2025-02-17 04:51:31,SELL,True,200.9,168.693081869076,33890.4401474974
15,AMZN,2025-02-06 04:17:59,SELL,True,199.2,214.46555848438,42721.5392500886
151,AMZN,2025-02-06 18:40:46,SELL,True,200.1,673.317304427118,134730.792615866
227,AMZN,2025-02-15 17:42:05,SELL,True,199.4,80.6419324528573,16080.0013310997
163,AMZN,2025-02-27 19:04:52,SELL,True,198.4,710.383714376376,140940.128932273
16,AMZN,2025-02-01 11:33:15,SELL,True,201.3,935.758262474098,188368.138236036
11,AMZN,2025-02-22 21:24:40,SELL,True,199.1,608.021563996171,121057.093391638
246,AMZN,2025-02-14 17:48:58,SELL,True,198.8,338.942814707967,67381.8315639438
144,AMZN,2025-02-09 10:21:45,SELL,True,199.9,257.924631202587,51559.1337773972
79,AMZN,2025-02-09 16:24:46,SELL,True,200.8,213.35748292744,42842.1825718299
31,AMZN,2025-02-14 07:58:09,SELL,True,199.4,828.272325186562,165157.5016422
144,AMZN,2025-02-13 16:10:46,SELL,True,200.4,845.177916817921,169373.654530311
31,AMZN,2025-02-14 20:46:43,SELL,True,198.4,244.746188006896,48557.6437005682
12,AMZN,2025-02-16 18:29:24,SELL,True,198.6,404.322889737116,80298.5259017913
175,AMZN,2025-02-25 13:03:33,SELL,True,198.8,602.977497705634,119871.92654388
13,AMZN,2025-02-26 00:24:28,SELL,True,199.6,754.129900382886,150524.328116424
253,AMZN,2025-02-16 18:12:31,SELL,True,200.7,790.455677145583,158644.454403119
53,AMZN,2025-02-21 02:57:01,SELL,True,198.9,352.287414042753,70069.9666531036
137,AMZN,2025-02-25 04:59:58,SELL,True,198.4,820.690193630579,162824.934416307
216,AMZN,2025-02-08 12:08:54,SELL,True,200.2,327.013787107482,65468.160178918
82,AMZN,2025-02-04 04:06:14,SELL,True,199.6,470.954239734104,94002.4662509271
150,AMZN,2025-02-16 01:55:20,SELL,True,199.1,679.470150862948,135282.507036813
244,AMZN,2025-02-24 17:55:33,SELL,True,199.8,662.282687340522,132324.080930636
262,AMZN,2025-02-16 00:21:21,SELL,True,200.7,923.51997572695,185350.459128399
264,AMZN,2025-02-06 07:30:27,SELL,True,199.6,779.675604138718,155623.250586088
285,AMZN,2025-02-12 23:05:20,SELL,True,199.9,19.9404449518545,3986.09494587571
20,AMZN,2025-02-17 09:52:10,SELL,True,200.2,673.185483775404,134771.733851836
86,AMZN,2025-02-14 06:08:07,SELL,True,199.8,652.696071498797,130408.67508546
5,AMZN,2025-02-26 14:58:03,SELL,True,201.5,34.9591994460394,7044.27868837694
68,AMZN,2025-02-10 21:58:03,SELL,True,199.3,527.423457900391,105115.495159548
40,AMZN,2025-02-20 03:05:13,SELL,True,201.6,174.570905021707,35193.494452376
20,AMZN,2025-02-13 22:44:32,SELL,True,200.8,883.401086252936,177386.93811959
67,AMZN,2025-02-26 22:51:28,SELL,True,200.7,390.335852239078,78340.4055443829
149,AMZN,2025-02-17 07:52:39,SELL,True,199.6,376.417863890053,75133.0056324545
123,AMZN,2025-02-02 04:43:52,SELL,True,200.4,701.480512915584,140576.694788283
108,AMZN,2025-02-21 07:00:59,SELL,True,198.9,530.531668606638,105522.74888586
86,AMZN,2025-02-04 16:27:46,SELL,True,198.4,786.760531838313,156093.289516721
266,AMZN,2025-02-28 03:32:25,SELL,True,200.3,170.216127884525,34094.2904152703
77,AMZN,2025-02-05 01:39:27,SELL,True,201.9,51.9508812052105,10488.882915332
249,AMZN,2025-02-10 03:48:11,SELL,True,199,684.033953392324,136122.756725072
259,AMZN,2025-02-18 09:22:45,SELL,True,200.6,4.76981004780561,956.823895589806
216,AMZN,2025-02-14 12:35:26,SELL,True,200.8,683.728372911798,137292.657280689
111,AMZN,2025-02-19 22:35:10,SELL,True,198.8,950.004909927414,188860.97609357
297,AMZN,2025-02-13 10:24:49,SELL,True,200.3,133.740142872935,26788.1506174489
124,AMZN,2025-02-19 17:05:29,SELL,True,198.6,607.180676808365,120586.082414141
146,AMZN,2025-02-28 03:01:15,SELL,True,199.6,605.466668672952,120851.147067121
265,AMZN,2025-02-22 23:58:02,SELL,True,200.5,245.705321173717,49263.9168953303
285,AMZN,2025-02-14 12:47:30,SELL,True,199,380.940726137455,75807.2045013535
10,AMZN,2025-02-20 22:55:17,SELL,True,202.2,305.870596405492,61847.0345931904
186,AMZN,2025-02-11 06:00:53,SELL,True,199.3,150.815524486832,30057.5340302256
200,AMZN,2025-02-09 07:42:20,SELL,True,199.1,206.619122218176,41137.8672336389
92,AMZN,2025-02-21 21:57:26,SELL,True,200.4,475.683412067939,95326.955778415
287,AMZN,2025-02-11 19:17:13,SELL,True,199.9,128.261021688192,25639.3782354697
101,AMZN,2025-02-07 07:29:52,SELL,True,199,522.283328331051,103934.382337879
204,AMZN,2025-02-05 04:19:40,SELL,True,201.8,161.63412292845,32617.7660069612
219,AMZN,2025-02-04 19:16:49,SELL,True,200.2,474.871146868581,95069.2036030899
140,AMZN,2025-02-28 09:14:30,SELL,True,202.2,437.3518264994,88432.5393181788
244,AMZN,2025-02-09 21:20:25,SELL,True,199.9,302.28094740142,60425.9613855438
124,AMZN,2025-02-15 08:12:38,SELL,True,200,655.178306802495,131035.661360499
34,AMZN,2025-02-18 22:18:48,SELL,True,198.9,650.031995932788,129291.363991032
137,AMZN,2025-02-18 03:16:08,SELL,True,201.4,749.842272237401,151018.233628613
289,AMZN,2025-02-26 00:09:36,SELL,False,200.1,46.6520666025375,9335.07852716776
251,AMZN,2025-02-10 08:43:29,SELL,False,200.7,246.418472730677,49456.1874770469
119,AMZN,2025-02-13 15:56:27,SELL,False,201.1,713.075897663506,143399.563020131
117,AMZN,2025-02-21 22:07:21,SELL,False,199.2,408.955176051722,81463.871069503
62,AMZN,2025-02-20 02:54:33,SELL,False,199.3,744.950649534005,148468.664452127
9,AMZN,2025-02-07 04:21:43,SELL,False,200.5,768.621571842861,154108.625154494
125,AMZN,2025-02-13 03:32:03,SELL,False,199.4,492.6469065665,98233.7931693602
167,AMZN,2025-02-01 14:40:51,SELL,False,200.8,807.64188521495,162174.490551162
79,AMZN,2025-02-10 02:28:54,SELL,False,200.9,324.835349452875,65259.4217050825
163,AMZN,2025-02-04 04:13:46,SELL,False,200.6,920.106046560266,184573.272939989
228,AMZN,2025-02-04 04:59:46,SELL,False,199,40.3343248649501,8026.53064812506
64,AMZN,2025-02-23 16:06:57,SELL,False,200.8,789.93230987135,158618.407822167
290,AMZN,2025-02-20 04:08:14,SELL,False,199.3,442.550114021663,88200.2377245175
258,AMZN,2025-02-26 01:33:10,SELL,False,199.7,520.80719681232,104005.19720342
107,AMZN,2025-02-03 21:31:13,SELL,False,198.5,769.342338273523,152714.454147294
156,AMZN,2025-02-03 06:20:27,SELL,False,198.7,345.226673602656,68596.5400448477
11,AMZN,2025-02-16 15:14:45,SELL,False,199.6,872.243035923594,174099.709970349
236,AMZN,2025-02-01 21:18:05,SELL,False,200.7,77.8711800642433,15628.7458388936
221,AMZN,2025-02-12 21:08:56,SELL,False,200.7,504.976588105903,101348.801232855
35,AMZN,2025-02-26 21:52:53,SELL,False,200.7,212.298424976284,42608.2938927403
158,AMZN,2025-02-02 20:41:51,SELL,False,200.8,887.375725329664,178185.045646197
71,AMZN,2025-02-28 04:52:20,SELL,False,200.1,9.91928971432745,1984.84987183692
171,AMZN,2025-02-27 10:16:59,SELL,False,201.4,50.0738320845171,10084.8697818217
179,AMZN,2025-02-08 10:04:41,SELL,False,198.5,534.380891221253,106074.606907419
181,AMZN,2025-02-19 16:32:03,SELL,False,200.9,952.003377771598,191257.478594314
158,AMZN,2025-02-17 14:36:57,SELL,False,200.8,759.420833440614,152491.703354875
270,AMZN,2025-02-05 08:38:28,SELL,False,200.9,1.58117632055859,317.65832280022
136,AMZN,2025-02-14 12:21:42,SELL,False,200.4,577.129740951468,115656.800086674
270,AMZN,2025-02-18 08:42:22,SELL,False,199,959.602874105989,190960.971947092
284,AMZN,2025-02-18 17:12:26,SELL,False,200,180.824475128232,36164.8950256465
273,AMZN,2025-02-27 15:41:35,SELL,False,200.7,994.410863123679,199578.260228922
300,AMZN,2025-02-17 14:23:39,SELL,False,199.3,235.235425586606,46882.4203194105
190,AMZN,2025-02-11 21:25:19,SELL,False,199.5,636.806755908491,127042.947803744
298,AMZN,2025-02-26 20:18:05,SELL,False,198.8,734.087070351323,145936.509585843
45,AMZN,2025-02-06 13:54:58,SELL,False,199,919.100151876558,182900.930223435
244,AMZN,2025-02-17 18:09:49,SELL,False,200.3,434.541084197145,87038.5791646882
184,AMZN,2025-02-18 03:42:17,SELL,False,201.5,826.515888263603,166542.951485116
76,AMZN,2025-02-01 01:35:44,SELL,False,199.8,913.224819044025,182462.318844996
226,AMZN,2025-02-04 21:44:56,SELL,False,201.4,477.010811498882,96069.9774358749
202,AMZN,2025-02-05 22:19:29,SELL,False,199,743.218808263983,147900.542844533
161,AMZN,2025-02-14 10:56:13,SELL,False,201.3,438.817073212916,88333.87683776
131,AMZN,2025-02-10 06:13:27,SELL,False,199,865.426615718344,172219.89652795
289,AMZN,2025-02-14 02:25:28,SELL,False,199.1,163.307232904169,32514.4700712201
149,AMZN,2025-02-01 05:03:11,SELL,False,201.4,119.453771701456,24057.9896206733
46,AMZN,2025-02-19 19:17:05,SELL,False,201.2,23.2452853568031,4676.95141378877
203,AMZN,2025-02-04 21:31:58,SELL,False,200.2,97.5547347214849,19530.4578912413
11,AMZN,2025-02-02 00:38:41,SELL,False,199.9,793.43544684105,158607.745823526
162,AMZN,2025-02-18 11:33:57,SELL,False,199.6,422.680815294952,84367.0907328724
169,AMZN,2025-02-25 09:50:23,SELL,False,199.1,36.8552601222151,7337.88229033302
242,AMZN,2025-02-15 08:55:57,SELL,False,199.4,743.386873643907,148231.342604595
296,AMZN,2025-02-14 19:50:44,SELL,False,200.4,171.284748270018,34325.4635533116
281,AMZN,2025-02-16 03:27:15,SELL,False,200.1,858.618560148411,171809.573885697
174,AMZN,2025-02-24 20:45:39,SELL,False,198.8,329.592154366995,65522.9202881585
107,AMZN,2025-02-08 00:11:25,SELL,False,199.9,437.580557785099,87472.3535012413
261,AMZN,2025-02-19 20:22:45,SELL,False,199.6,799.178741566387,159516.076816651
50,AMZN,2025-02-17 04:01:13,SELL,False,201,823.961366499525,165616.234666405
283,AMZN,2025-02-12 23:23:23,SELL,False,198.6,276.401578868907,54893.353563365
245,AMZN,2025-02-24 11:24:18,SELL,False,200,818.181613170978,163636.322634196
41,AMZN,2025-02-14 07:52:14,SELL,False,198.3,736.625941712104,146072.92424151
148,AMZN,2025-02-23 22:55:51,SELL,False,199.6,54.650922261288,10908.3240833531
1,AMZN,2025-02-19 18:07:57,SELL,False,199.6,592.427621939205,118248.553339065
95,AMZN,2025-02-12 03:50:39,SELL,False,200.6,117.376325636763,23545.6909227347
249,AMZN,2025-02-13 01:26:06,SELL,False,199.9,310.923644731508,62153.6365818285
279,AMZN,2025-02-13 12:43:46,SELL,False,200.4,669.168679748587,134101.403421617
272,AMZN,2025-02-27 23:45:35,SELL,False,200.4,602.5354477224,120748.103723569
63,AMZN,2025-02-12 21:28:42,SELL,False,199,348.922147128104,69435.5072784928
212,AMZN,2025-02-20 00:53:26,SELL,False,199.8,985.825068072704,196967.848600926
267,AMZN,2025-02-21 17:12:24,SELL,False,199.3,613.363343515803,122243.3143627
34,AMZN,2025-02-10 19:06:34,SELL,False,199.2,481.395419390502,95893.967542588
268,AMZN,2025-02-23 07:49:22,SELL,False,200.2,641.14733404783,128357.696276376
6,AMZN,2025-02-07 22:32:58,SELL,False,199.2,85.0475607178316,16941.4740949921
135,AMZN,2025-02-17 13:34:01,SELL,False,201.9,758.732822092474,153188.156780471
178,AMZN,2025-02-16 09:32:53,SELL,False,198.2,881.985879653893,174809.601347402
233,AMZN,2025-02-24 17:37:57,SELL,False,200.4,855.053708169349,171352.763117138
9,AMZN,2025-02-07 19:26:20,SELL,False,199.5,172.443498172992,34402.4778855119
152,AMZN,2025-02-01 06:04:06,SELL,False,201.3,263.229927420871,52988.1843898213
109,AMZN,2025-02-06 02:51:00,SELL,False,199,868.721677152731,172875.613753393
92,AMZN,2025-02-23 14:28:31,SELL,False,201.4,903.963277551943,182058.204098961
244,AMZN,2025-02-18 07:32:07,SELL,False,199.4,963.784715320686,192178.672234945
15,AMZN,2025-02-02 05:49:07,SELL,False,199.7,928.790361083047,185479.435108285
187,AMZN,2025-02-14 16:51:27,SELL,False,200.4,919.406722756332,184249.107240369
212,AMZN,2025-02-03 15:23:26,SELL,False,200.5,178.299670449404,35749.0839251055
218,AMZN,2025-02-21 02:02:48,SELL,False,199.9,755.163508272275,150957.185303628
132,AMZN,2025-02-05 15:27:00,SELL,False,201,862.927435270691,173448.414489409
108,AMZN,2025-02-04 11:13:42,SELL,False,200.9,704.130199552719,141459.757090141
140,AMZN,2025-02-08 15:40:35,SELL,False,200.9,46.9423668537899,9430.72150092639
99,AMZN,2025-02-26 15:51:44,SELL,False,199.8,75.0904507048213,15003.0720508233
276,AMZN,2025-02-22 15:04:44,SELL,False,200.4,686.853613899413,137645.464225442
141,AMZN,2025-02-12 15:52:40,SELL,False,199.7,909.711026178407,181669.291927828
216,AMZN,2025-02-26 10:32:46,SELL,False,200.8,633.002749562297,127106.952112109
121,AMZN,2025-02-28 16:53:30,SELL,False,200.9,523.597758288475,105190.789640155
129,AMZN,2025-02-21 03:17:06,SELL,False,200.9,396.850587360788,79727.2830007824
262,AMZN,2025-02-26 20:22:19,SELL,False,201.4,463.323526362852,93313.3582094784
123,AMZN,2025-02-17 08:10:17,SELL,False,199.7,813.037176840392,162363.524215026
110,AMZN,2025-02-05 03:09:45,SELL,False,200.4,266.629111480911,53432.4739407745
91,AMZN,2025-02-11 09:32:48,SELL,False,200,512.027281493042,102405.456298608
132,AMZN,2025-02-20 06:42:25,SELL,False,201.7,840.317613991118,169492.062742009
264,AMZN,2025-02-11 15:30:58,SELL,False,199.8,100.46451691962,20072.8104805401
202,AMZN,2025-02-07 18:26:50,SELL,False,202,695.772187643837,140545.981904055
90,AMZN,2025-02-06 17:50:33,SELL,False,198.5,233.243794151602,46298.8931390931
98,AMZN,2025-02-06 16:25:27,SELL,False,201.1,937.049622422099,188440.679069084
74,AMZN,2025-02-03 04:48:34,SELL,False,199.7,53.8577906005453,10755.4007829289
93,AMZN,2025-02-28 05:40:16,SELL,False,200.1,770.174832859592,154111.984055204
280,AMZN,2025-02-08 23:54:07,SELL,False,202,510.89576729707,103200.944994008
26,AMZN,2025-02-02 18:13:54,SELL,False,199.8,627.353162128592,125345.161793293
278,AMZN,2025-02-12 11:35:53,SELL,False,200,335.234936480895,67046.987296179
139,AMZN,2025-02-27 08:17:17,SELL,False,200.4,941.386856520648,188653.926046738
249,AMZN,2025-02-27 10:04:34,SELL,False,200,44.5837166224152,8916.74332448304
22,AMZN,2025-02-15 02:43:38,SELL,False,200.1,67.5561306538701,13517.9817438394
62,AMZN,2025-02-17 21:11:56,SELL,False,199.2,649.905880607361,129461.251416986
201,AMZN,2025-02-21 16:51:09,SELL,False,200.5,467.373080082829,93708.3025566073
159,AMZN,2025-02-02 00:13:54,SELL,False,199.5,649.684687844717,129612.095225021
87,AMZN,2025-02-12 17:49:45,SELL,False,199.1,82.2825428638864,16382.4542841998
141,AMZN,2025-02-26 13:26:12,SELL,False,198.8,42.0938023222086,8368.24790165508
154,AMZN,2025-02-13 14:50:41,SELL,False,200.3,886.420067082703,177549.939436665
82,AMZN,2025-02-14 04:57:58,SELL,False,199.8,477.457460679625,95396.0006437891
33,AMZN,2025-02-24 22:45:16,SELL,False,199,623.586230084059,124093.659786728
49,AMZN,2025-02-03 23:18:38,SELL,False,200,324.768137166835,64953.6274333671
140,AMZN,2025-02-21 21:21:57,SELL,False,200.4,253.056478035423,50712.5181982988
17,AMZN,2025-02-10 22:19:05,SELL,False,199.9,361.371224485389,72238.1077746293
178,AMZN,2025-02-07 13:54:07,SELL,False,199.4,175.314196597855,34957.6508016124
39,AMZN,2025-02-17 23:03:22,SELL,False,200.8,15.7602502816626,3164.65825655785
259,AMZN,2025-02-28 00:35:21,SELL,False,200,724.250121467882,144850.024293576
135,AMZN,2025-02-14 05:53:53,SELL,False,200.4,728.388404380593,145969.036237871
57,AMZN,2025-02-24 04:32:12,SELL,False,200,13.2936863327743,2658.73726655486
269,AMZN,2025-02-06 03:05:35,SELL,False,199.7,560.842605416326,112000.26830164
35,AMZN,2025-02-10 08:36:11,SELL,False,198.6,204.737150624541,40660.7981140339
234,AMZN,2025-02-07 13:20:48,SELL,False,200,580.33250433346,116066.500866692
196,AMZN,2025-02-05 17:27:24,SELL,False,200.7,897.304247644285,180088.962502208
199,AMZN,2025-02-26 00:47:20,SELL,False,200.1,631.641479720921,126391.460092156
4,AMZN,2025-02-11 19:17:46,SELL,False,201.6,646.184901447603,130270.876131837
204,AMZN,2025-02-20 23:08:04,SELL,False,202.1,915.451003563069,185012.647820096
13,AMZN,2025-02-01 06:10:44,SELL,False,199.6,364.765882912511,72807.2702293373
215,AMZN,2025-02-19 23:50:47,SELL,False,200.5,124.200582296085,24902.2167503651
153,AMZN,2025-02-26 16:03:50,SELL,False,199.2,534.474060394161,106467.232830517
222,AMZN,2025-02-21 12:56:59,SELL,False,198.5,341.37868184519,67763.6683462702
207,AMZN,2025-02-23 10:29:00,SELL,False,200.1,681.394802309642,136347.099942159
106,AMZN,2025-02-08 12:31:23,SELL,False,200.8,527.277650056772,105877.3521314
223,AMZN,2025-02-12 21:50:48,SELL,False,199.8,58.3398010357088,11656.2922469346
212,AMZN,2025-02-12 23:13:29,SELL,False,199.7,792.365595081427,158235.409337761
164,AMZN,2025-02-20 04:51:17,SELL,False,197.6,5.0261230286712,993.161910465429
197,AMZN,2025-02-17 20:58:47,SELL,False,200.1,42.0979322523879,8423.79624370281
154,AMZN,2025-02-24 05:59:31,SELL,False,199.7,139.706390605325,27899.3662038834
184,AMZN,2025-02-09 06:10:04,SELL,False,199.5,731.554478201197,145945.118401139
230,AMZN,2025-02-27 03:22:57,SELL,False,199.1,16.1651063240708,3218.47266912249
126,AMZN,2025-02-04 03:02:38,SELL,False,200.2,381.699615378368,76416.2629987493
158,AMZN,2025-02-19 18:34:47,SELL,False,201.5,408.199527837251,82252.2048592061
114,AMZN,2025-02-14 02:16:05,SELL,False,197.7,679.907376986743,134417.688430279
141,AMZN,2025-02-25 19:35:49,SELL,False,199.7,955.965948548711,190906.399925178
266,AMZN,2025-02-02 16:02:33,SELL,False,200.1,645.492011887063,129162.951578601
133,AMZN,2025-02-16 11:13:58,SELL,False,198.9,69.7490478274865,13873.0856128871
264,AMZN,2025-02-03 15:48:31,SELL,False,198.7,869.419377214508,172753.630252523
10,AMZN,2025-02-09 19:05:11,SELL,False,199.2,248.126854334478,49426.869383428
71,AMZN,2025-02-12 03:00:23,SELL,False,199.7,656.797645181827,131162.489742811
122,AMZN,2025-02-04 17:12:12,SELL,False,200.2,511.796305715445,102461.620404232
234,AMZN,2025-02-19 22:05:46,SELL,False,199.4,676.499727042846,134894.045572344
289,AMZN,2025-02-15 19:22:27,SELL,False,198.7,944.472919285119,187666.769061953
79,META,2025-02-06 01:32:30,BUY,False,100.3,554.290827153366,55595.3699634826
130,META,2025-02-17 22:29:31,BUY,False,99.6,575.063613301528,57276.3358848322
113,META,2025-02-23 20:11:07,BUY,False,98.2,124.271872212964,12203.4978513131
124,META,2025-02-20 23:15:37,BUY,False,100,300.222485259815,30022.2485259815
291,META,2025-02-22 00:49:04,BUY,False,98,575.627066027905,56411.4524707347
158,META,2025-02-27 09:26:15,BUY,False,98.8,705.247924125026,69678.4949035525
241,META,2025-02-07 01:22:46,BUY,False,101.2,620.524683442923,62797.0979644238
14,META,2025-02-10 04:25:29,BUY,False,97.5,56.3926137239086,5498.27983808109
206,META,2025-02-04 19:34:34,BUY,False,100.5,203.157903002177,20417.3692517188
21,META,2025-02-12 19:50:53,BUY,False,102.5,224.694336819115,23031.1695239593
135,META,2025-02-07 05:34:18,BUY,False,100.1,250.660222371177,25091.0882593548
291,META,2025-02-03 14:08:11,BUY,False,100.2,202.844774287232,20325.0463835807
12,META,2025-02-05 01:56:43,BUY,False,98.1,868.330400129293,85183.2122526837
125,META,2025-02-19 05:38:35,BUY,False,100.7,189.817558815295,19114.6281727002
88,META,2025-02-20 06:07:55,BUY,False,99.8,603.105452692,60189.9241786616
290,META,2025-02-13 01:25:43,BUY,False,100.2,82.405130559486,8256.9940820605
69,META,2025-02-17 12:30:38,BUY,False,100.2,945.914760922096,94780.659044394
243,META,2025-02-16 09:54:45,BUY,False,100.4,582.876472837017,58520.7978728365
161,META,2025-02-23 15:39:41,BUY,False,100.3,719.065803429925,72122.3000840215
295,META,2025-02-21 05:21:58,BUY,False,100.7,604.597136861317,60882.9316819347
34,META,2025-02-11 17:56:02,BUY,False,98.5,2.9730433839677,292.844773320818
99,META,2025-02-27 11:47:05,BUY,False,100.3,86.6567408034681,8691.67110258785
80,META,2025-02-16 12:23:12,BUY,False,99.6,887.218681472314,88366.9806746425
183,META,2025-02-07 01:28:09,BUY,False,101.1,989.008332244722,99988.7423899414
208,META,2025-02-05 04:26:51,BUY,False,100.2,104.3827428409,10459.1508326582
12,META,2025-02-04 22:29:54,BUY,False,101,480.452602954002,48525.7128983542
296,META,2025-02-28 14:21:17,BUY,False,100.8,266.387554500029,26851.865493603
234,META,2025-02-04 16:33:50,BUY,False,100.8,146.46360041667,14763.5309220004
144,META,2025-02-04 12:47:48,BUY,False,100.5,212.609327846747,21367.237448598
211,META,2025-02-20 03:44:35,BUY,False,99.9,353.50569467527,35315.2188980595
152,META,2025-02-25 16:44:40,BUY,False,98.8,291.160922913972,28766.6991839004
226,META,2025-02-22 11:26:31,BUY,False,100.4,25.3443204480831,2544.56977298755
233,META,2025-02-09 04:13:44,BUY,False,100.5,276.866108897167,27825.0439441653
57,META,2025-02-18 08:18:39,BUY,False,98.8,598.171428817919,59099.3371672104
61,META,2025-02-21 06:44:24,BUY,False,101.5,692.216242094306,70259.9485725721
49,META,2025-02-07 06:55:54,BUY,False,100.3,601.886968238973,60369.262914369
80,META,2025-02-25 02:11:57,BUY,False,99.2,5.79263043640674,574.628939291548
289,META,2025-02-18 22:31:33,BUY,False,99.6,352.316593656055,35090.7327281431
55,META,2025-02-24 03:03:23,BUY,False,101.8,701.449722276005,71407.5817276973
214,META,2025-02-15 13:40:19,BUY,False,99,230.602571313342,22829.6545600208
153,META,2025-02-15 10:45:49,BUY,False,101,87.2446571311642,8811.71037024758
156,META,2025-02-05 23:15:24,BUY,False,100,966.51182607475,96651.182607475
74,META,2025-02-06 03:58:48,BUY,False,102.4,551.304417849843,56453.5723878239
27,META,2025-02-18 00:53:01,BUY,False,100.6,830.058761995778,83503.9114567753
14,META,2025-02-26 10:07:35,BUY,False,98.8,758.378860156705,74927.8313834825
81,META,2025-02-05 03:52:31,BUY,False,100.6,935.451536593523,94106.4245813084
5,META,2025-02-19 22:00:17,BUY,False,99.6,383.950168384674,38241.4367711135
59,META,2025-02-05 11:53:11,BUY,False,101.8,939.52826025732,95643.9768941951
188,META,2025-02-09 06:58:50,BUY,False,98.8,486.096448615271,48026.3291231888
143,META,2025-02-02 13:21:59,BUY,False,100.1,143.443317166884,14358.6760484051
76,META,2025-02-18 15:37:28,BUY,False,99.4,630.15673852515,62637.5798093999
164,META,2025-02-07 03:02:36,BUY,False,100.4,331.244828396669,33256.9807710256
123,META,2025-02-02 15:13:25,BUY,False,100.9,724.597156220409,73111.8530626393
159,META,2025-02-15 18:26:04,BUY,False,99.6,755.143495118398,75212.2921137925
12,META,2025-02-21 02:42:31,BUY,False,99.8,452.526646365437,45162.1593072706
201,META,2025-02-19 04:15:09,BUY,False,101.2,195.762205861557,19811.1352331896
151,META,2025-02-18 13:51:49,BUY,False,100,801.859367084941,80185.9367084941
96,META,2025-02-14 22:13:50,BUY,False,99.8,47.3188158160658,4722.41781844336
147,META,2025-02-25 10:54:07,BUY,False,99.7,386.54512552275,38538.5490146182
65,META,2025-02-27 13:46:48,BUY,False,99.8,999.473035952577,99747.4089880672
267,META,2025-02-28 01:24:14,BUY,False,101.9,86.3340678411702,8797.44151301524
18,META,2025-02-02 12:25:58,BUY,False,99.8,768.250371207808,76671.3870465393
164,META,2025-02-17 14:03:13,BUY,False,101.3,873.039303747566,88438.8814696284
20,META,2025-02-04 04:53:58,BUY,False,100.8,955.339147286418,96298.186046471
170,META,2025-02-22 03:45:56,BUY,False,99.9,273.753867591736,27348.0113724144
173,META,2025-02-11 06:23:37,BUY,False,100.6,583.713308209094,58721.5588058349
130,META,2025-02-22 07:34:07,BUY,False,98.5,815.785337563291,80354.8557499841
79,META,2025-02-21 15:25:37,BUY,False,100,769.36469637833,76936.469637833
237,META,2025-02-27 16:05:21,BUY,False,101.3,924.637472173022,93665.7759311271
190,META,2025-02-09 16:48:57,BUY,False,100.8,617.228782971521,62216.6613235294
116,META,2025-02-20 17:42:06,BUY,False,98.6,295.607795172119,29146.9286039709
263,META,2025-02-08 12:31:56,BUY,False,101.7,108.459807389031,11030.3624114645
