ID,Asset,Timestamp,Type,Is Short Sell,Price,Quantity,Total Amount
290,AAPL,2025-02-01 01:27:38,BUY,False,150.3,836.149,125673.268863352
90,AAPL,2025-02-14 12:41:12,BUY,False,149.2,365.278462105967,54499.5465462102
140,AAPL,2025-02-03 09:50:19,BUY,False,149.4,741.324606016599,110753.89613888
265,AAPL,2025-02-18 21:25:30,BUY,False,151,604.993149291893,91353.9655430759
83,AAPL,2025-02-01 19:35:26,BUY,False,150,383.144150108359,57471.6225162538
203,AAPL,2025-02-07 01:06:02,BUY,False,149,419.912469556352,62566.9579638964
273,AAPL,2025-02-15 12:59:58,BUY,False,149.8,910.140452525648,136339.039788342
168,AAPL,2025-02-21 12:02:52,BUY,False,148.7,17.0485674555854,2535.12198064555
289,AAPL,2025-02-02 18:03:43,BUY,False,150.1,992.046763538386,148906.219207112
44,AAPL,2025-02-26 18:58:54,BUY,False,148.9,268.561976831885,39988.8783502676
157,AAPL,2025-02-09 07:33:32,BUY,False,147.8,202.416823160102,29917.2064630632
246,AAPL,2025-02-02 15:33:27,BUY,False,150.9,440.173238827919,66422.141739133
14,AAPL,2025-02-21 14:17:47,BUY,False,149.3,33.9143287697743,5063.40928532731
162,AAPL,2025-02-04 00:31:21,BUY,False,149.8,236.430463345387,35417.283409139
285,AAPL,2025-02-09 16:08:38,BUY,False,149.6,716.762621384495,107227.68815912
248,AAPL,2025-02-04 09:09:39,BUY,False,150,766.883786962482,115032.568044372
67,AAPL,2025-02-02 06:59:21,BUY,False,148.3,66.062043947114,9797.001117357
117,AAPL,2025-02-08 22:36:45,BUY,False,151.3,950.810047072316,143857.560122041
28,AAPL,2025-02-22 14:28:53,BUY,False,149.8,919.225156715779,137699.928476024
287,AAPL,2025-02-04 16:45:54,BUY,False,149.8,399.608453811736,59861.346380998
276,AAPL,2025-02-22 11:51:12,BUY,False,150.8,488.952080048315,73733.9736712859
2,AAPL,2025-02-19 09:45:32,BUY,False,151.3,236.413050808564,35769.2945873357
159,AAPL,2025-02-04 15:12:27,BUY,False,149.9,674.825637613145,101156.36307821
246,AAPL,2025-02-04 19:33:11,BUY,False,150.4,174.494622010637,26243.9911503998
250,AAPL,2025-02-15 08:25:12,BUY,False,150.7,762.371787842951,114889.428427933
138,AAPL,2025-02-18 15:46:27,BUY,False,150.4,624.332638342107,93899.6288066528
110,AAPL,2025-02-01 13:49:22,BUY,False,149.2,634.122079985523,94611.0143338401
13,AAPL,2025-02-12 23:00:18,BUY,False,151.3,670.091084452463,101384.781077658
157,AAPL,2025-02-17 10:28:03,BUY,False,149.8,255.435617149288,38264.2554489633
74,AAPL,2025-02-01 06:27:26,BUY,False,150.1,255.316998120241,38323.0814178481
54,AAPL,2025-02-06 23:07:19,BUY,False,150.8,193.289823808409,29148.1054303081
142,AAPL,2025-02-03 20:30:49,BUY,False,150.3,524.905019539406,78893.2244367728
277,AAPL,2025-02-14 20:33:55,BUY,False,149.6,72.299528774338,10816.009504641
15,AAPL,2025-02-19 09:58:14,BUY,False,150.4,752.029892230124,113105.295791411
38,AAPL,2025-02-24 05:48:24,BUY,False,149.1,431.057656715827,64270.6966163298
223,AAPL,2025-02-26 06:42:55,BUY,False,150.4,108.200560877813,16273.3643560231
290,AAPL,2025-02-16 19:39:46,BUY,False,149.1,507.389631759136,75651.7940952871
17,AAPL,2025-02-16 21:00:08,BUY,False,149.7,283.429444334005,42429.3878168005
147,AAPL,2025-02-26 10:21:20,BUY,False,147.5,693.061864036441,102226.624945375
267,AAPL,2025-02-01 16:12:47,BUY,False,149.2,365.482366514485,54529.9690839612
107,AAPL,2025-02-07 21:27:34,BUY,False,150.6,905.530896800652,136372.953058178
153,AAPL,2025-02-28 08:33:55,BUY,False,149.2,812.149855382212,121172.758423026
72,AAPL,2025-02-11 17:12:42,BUY,False,149.9,138.828156090943,20810.3405980323
202,AAPL,2025-02-11 09:17:05,BUY,False,150,981.782557034243,147267.383555136
56,AAPL,2025-02-16 15:15:13,BUY,False,150.9,925.244140365528,139619.340781158
276,AAPL,2025-02-08 03:38:09,BUY,False,149.6,726.730543359807,108718.889286627
182,AAPL,2025-02-27 06:10:54,BUY,False,150.2,926.337216992719,139135.849992306
276,AAPL,2025-02-13 12:30:57,BUY,False,149.9,988.117721342872,148118.846429297
106,AAPL,2025-02-08 03:02:41,BUY,False,150.5,371.242236783071,55871.9566358522
129,AAPL,2025-02-05 13:57:48,BUY,False,151.5,786.544298593641,119161.461236937
248,AAPL,2025-02-02 07:29:26,SELL,True,150.6,99.7607060471355,15023.9623306986
132,AAPL,2025-02-15 22:27:32,SELL,True,151.2,729.321195044754,110273.364690767
100,AAPL,2025-02-10 21:35:59,SELL,True,150.1,107.294314089876,16104.8765448903
64,AAPL,2025-02-28 04:20:29,SELL,True,151,243.460768664263,36762.5760683037
270,AAPL,2025-02-28 08:59:16,SELL,True,150,698.102696890119,104715.404533518
137,AAPL,2025-02-19 13:05:40,SELL,False,149.4,964.979835204738,144167.987379588
44,AAPL,2025-02-02 12:00:40,SELL,False,147.8,880.917147575353,130199.554411637
103,AAPL,2025-02-06 16:39:36,SELL,False,150.4,527.929251907494,79400.5594868871
275,AAPL,2025-02-15 20:11:19,SELL,False,148.3,144.487824582521,21427.5443855879
80,AAPL,2025-02-18 04:07:28,SELL,False,149.8,703.893479135661,105443.243174522
252,AAPL,2025-02-17 12:32:29,SELL,False,150.9,15.4510271284653,2331.55999368541
247,AAPL,2025-02-10 08:55:52,SELL,False,149.9,477.444035191415,71568.8608751932
129,AAPL,2025-02-04 19:11:23,SELL,False,149.1,843.522940652318,125769.270451261
216,AAPL,2025-02-06 23:22:39,SELL,False,149.6,482.351441444351,72159.7756400749
8,AAPL,2025-02-26 03:02:34,SELL,False,149.2,360.001509090429,53712.225156292
167,AAPL,2025-02-09 07:10:49,SELL,False,149.6,933.425907712617,139640.515793807
68,AAPL,2025-02-11 08:39:30,SELL,False,150.1,893.830941282458,134164.024286497
281,AAPL,2025-02-28 23:47:53,SELL,False,150.5,883.138013187369,132912.270984699
256,AAPL,2025-02-25 14:58:13,SELL,False,150.3,578.383470072629,86931.0355519162
288,AAPL,2025-02-16 09:38:38,SELL,False,150.9,746.057879145763,112580.133963096
134,AAPL,2025-02-19 19:53:29,SELL,False,151.3,521.149933490716,78849.9849371453
292,AAPL,2025-02-17 08:07:26,SELL,False,150.8,670.052391637065,101043.900658869
12,AAPL,2025-02-17 18:35:16,SELL,False,151.2,231.63466361938,35023.1611392502
210,AAPL,2025-02-08 22:11:24,SELL,False,149.8,658.924320670208,98706.8632363972
250,AAPL,2025-02-23 04:54:31,SELL,False,149.7,231.86644611062,34710.4069827598
292,AAPL,2025-02-23 17:40:39,SELL,False,150.1,90.6286393159097,13603.3587613181
169,AAPL,2025-02-05 10:56:18,SELL,False,150.4,707.126661239196,106351.849850375
27,AAPL,2025-02-19 11:11:40,SELL,False,150.3,404.92779822522,60860.6480732505
22,AAPL,2025-02-21 13:43:35,SELL,False,149.8,341.801729430309,51201.8990686604
89,AAPL,2025-02-26 05:21:18,SELL,False,150.2,925.75286186416,139048.079851997
16,AAPL,2025-02-10 13:17:23,SELL,False,148.9,487.357270347854,72567.4975547954
81,AAPL,2025-02-02 02:13:25,SELL,False,149.4,236.622806948867,35351.4473581607
32,AAPL,2025-02-01 05:25:15,SELL,False,149.7,323.199630447353,48382.9846779688
191,AAPL,2025-02-16 16:44:21,SELL,False,148.5,263.53200920046,39134.5033662683
270,AAPL,2025-02-16 08:23:46,SELL,False,152,817.041540018407,124190.314082798
34,AAPL,2025-02-10 21:53:01,SELL,False,151.4,753.853275721329,114133.385944209
10,AAPL,2025-02-26 06:28:13,SELL,False,150.4,955.356708466951,143685.648953429
215,AAPL,2025-02-14 01:29:43,SELL,False,149.9,353.796190868055,53034.0490111214
46,AAPL,2025-02-16 19:02:00,SELL,False,149,422.267340133679,62917.8336799182
100,AAPL,2025-02-20 17:27:12,SELL,False,152.8,781.414245083903,119400.09664882
14,AAPL,2025-02-11 19:59:48,SELL,False,150.3,732.831530335117,110144.579009368
2,AAPL,2025-02-20 08:56:44,SELL,False,150.7,694.123744672055,104604.448322079
170,AAPL,2025-02-26 22:15:22,SELL,False,150.5,569.266386618373,85674.5911860651
77,AAPL,2025-02-01 02:34:35,SELL,False,148.5,187.080808963154,27781.5001310284
116,AAPL,2025-02-21 11:53:03,SELL,False,150.8,951.684453158603,143514.015536317
233,AAPL,2025-02-26 11:37:34,SELL,False,150.1,120.739855595682,18123.0523249118
3,AAPL,2025-02-15 01:29:51,SELL,False,149.1,317.714889931086,47371.290088725
28,AAPL,2025-02-07 03:12:47,SELL,False,150.4,762.581368152071,114692.237770072
270,AAPL,2025-02-06 06:33:20,SELL,False,150.7,526.759213082448,79382.6134115249
7,AAPL,2025-02-10 18:36:47,SELL,False,149.2,466.502291333168,69602.1418669087
244,TSLA,2025-02-18 10:02:16,BUY,False,649,180.932220897795,117425.011362669
190,TSLA,2025-02-23 13:42:20,BUY,False,651.7,546.371163541485,356070.087279986
149,TSLA,2025-02-19 05:54:44,BUY,False,651.3,956.297889375605,622836.815350331
71,TSLA,2025-02-18 05:50:22,BUY,False,651.1,821.663639006674,534985.195357245
214,TSLA,2025-02-12 02:47:45,BUY,False,651.5,441.966323926991,287941.060038434
236,TSLA,2025-02-11 01:12:08,BUY,False,649,57.1562264336934,37094.390955467
165,TSLA,2025-02-16 02:37:21,BUY,False,650.7,201.257911176211,130958.52280236
161,TSLA,2025-02-19 12:48:32,BUY,False,651.1,458.893855618415,298785.78939315
96,TSLA,2025-02-14 10:32:23,BUY,False,650.3,155.742482172402,101279.336156713
186,TSLA,2025-02-14 23:55:11,BUY,False,651.1,452.239981723038,294453.45209987
160,TSLA,2025-02-17 17:19:01,BUY,False,651.1,377.775104743452,245969.370698461
206,TSLA,2025-02-23 06:05:29,BUY,False,649.2,267.556500868506,173697.680363834
226,TSLA,2025-02-19 16:57:51,BUY,False,651.6,779.885146495307,508173.161456342
111,TSLA,2025-02-10 07:39:06,BUY,False,651.8,637.506247472242,415526.572102407
264,TSLA,2025-02-22 14:47:34,BUY,False,650.3,414.619362886396,269626.971685023
59,TSLA,2025-02-11 15:31:22,BUY,False,649.9,936.715957994592,608771.701100686
245,TSLA,2025-02-05 23:24:01,BUY,False,649.5,539.485438391433,350395.792235236
273,TSLA,2025-02-20 04:07:43,BUY,False,650.3,540.094145785192,351223.22300411
73,TSLA,2025-02-01 12:19:58,BUY,False,649.1,373.777220393543,242618.793757449
242,TSLA,2025-02-09 13:45:46,BUY,False,649.4,98.2288290114803,63789.8015600553
5,TSLA,2025-02-26 06:27:13,BUY,False,650.3,768.972956985482,500063.113927659
240,TSLA,2025-02-12 10:58:55,BUY,False,649.4,388.384241644645,252216.726524032
7,TSLA,2025-02-24 15:01:24,BUY,False,652.3,968.474922540468,631736.191973147
77,TSLA,2025-02-06 06:19:30,BUY,False,651.1,789.323170952222,513928.316606992
106,TSLA,2025-02-12 06:40:42,BUY,False,649.9,78.7010429699797,51147.8078261898
42,TSLA,2025-02-03 12:42:57,BUY,False,650,74.1715529772121,48211.5094351879
130,TSLA,2025-02-09 20:17:05,BUY,False,648.9,199.878027046742,129700.851750631
215,TSLA,2025-02-10 19:00:24,BUY,False,647.9,745.914308670859,483277.88058785
25,TSLA,2025-02-24 16:01:37,BUY,False,650.4,375.309274535915,244101.152158159
56,TSLA,2025-02-21 14:58:25,BUY,False,650,977.199463837556,635179.651494412
122,TSLA,2025-02-13 06:35:48,BUY,False,649.4,239.829870782701,155745.518086286
10,TSLA,2025-02-22 10:09:22,BUY,False,649.2,522.790017543844,339395.279389463
228,TSLA,2025-02-24 09:58:07,BUY,False,648.6,522.999051007027,339217.184483158
57,TSLA,2025-02-17 22:37:41,BUY,False,650.7,404.69453953386,263334.736874683
28,TSLA,2025-02-03 17:09:44,BUY,False,649.2,168.490856504529,109384.26404274
181,TSLA,2025-02-15 09:10:54,BUY,False,649.6,753.001385283769,489149.699880336
99,TSLA,2025-02-19 04:32:17,BUY,False,650.3,42.3616627783453,27547.7893047579
287,TSLA,2025-02-09 09:36:31,BUY,False,650.2,770.622325032746,501058.635736292
12,TSLA,2025-02-05 06:53:29,BUY,False,649.4,172.463429760658,111997.751286571
2,TSLA,2025-02-21 12:09:36,BUY,False,649.8,35.7999340322109,23262.7971341307
47,TSLA,2025-02-12 20:09:16,BUY,False,649.6,861.713243727667,559768.923125492
199,TSLA,2025-02-21 19:34:35,BUY,False,649.6,357.249390986695,232069.204384957
226,TSLA,2025-02-04 04:46:40,BUY,False,652.2,591.65227107628,385875.61119595
195,TSLA,2025-02-28 12:46:04,BUY,False,648.7,694.640275836262,450613.146934983
210,TSLA,2025-02-27 00:22:02,BUY,False,648.7,633.498331401452,410950.367580122
54,TSLA,2025-02-11 17:28:48,BUY,False,652.8,55.4273084430045,36182.9469515934
14,TSLA,2025-02-18 18:48:05,BUY,False,650.1,11.2279747866671,7299.3064088123
107,TSLA,2025-02-05 07:24:39,BUY,False,650.5,799.40261661173,520011.402105931
167,TSLA,2025-02-19 09:23:45,BUY,False,648.6,754.249474533086,489206.20918216
157,TSLA,2025-02-19 14:27:02,BUY,False,649.2,253.009490666486,164253.761340683
106,TSLA,2025-02-07 23:10:41,BUY,False,652.2,575.732650167951,375492.834439538
245,TSLA,2025-02-13 08:32:50,BUY,False,648.8,842.409965865696,546555.585853664
97,TSLA,2025-02-22 12:33:52,BUY,False,649.1,30.0731414176269,19520.4760941816
8,TSLA,2025-02-07 18:02:53,BUY,False,652.1,103.08254872215,67220.1300217137
164,TSLA,2025-02-05 15:10:32,BUY,False,649.6,707.356014992726,459498.467339275
205,TSLA,2025-02-22 00:25:23,BUY,False,649.9,24.3110156082371,15799.7290437933
58,TSLA,2025-02-01 17:35:42,BUY,False,649.9,305.364785180474,198456.57388879
165,TSLA,2025-02-07 03:20:36,BUY,False,651,552.328463709846,359565.82987511
17,TSLA,2025-02-21 04:45:13,BUY,False,649.9,910.25087618206,591572.044430721
201,TSLA,2025-02-17 11:06:49,BUY,False,650.7,358.662082296033,233381.416950029
42,TSLA,2025-02-18 18:28:18,BUY,False,651.3,502.371091774395,327194.292072663
224,TSLA,2025-02-17 05:24:05,BUY,False,649.2,748.42623580941,485878.312287469
216,TSLA,2025-02-24 01:48:01,BUY,False,650.2,467.468267717393,303947.867669849
102,TSLA,2025-02-27 20:40:55,BUY,False,649.5,893.150730606057,580101.399528634
222,TSLA,2025-02-05 11:55:15,BUY,False,649.5,868.321459050695,563974.787653427
199,TSLA,2025-02-21 18:09:47,BUY,False,650.3,621.204531955741,403969.307130819
249,TSLA,2025-02-08 19:21:47,BUY,False,650.4,387.790381268515,252218.863977042
155,TSLA,2025-02-24 17:49:34,BUY,False,649.3,174.997255622105,113625.718075433
128,TSLA,2025-02-01 01:53:16,BUY,False,649.8,45.286563573618,29427.209010137
74,TSLA,2025-02-24 08:18:52,BUY,False,650.1,257.268621106262,167250.330581181
133,TSLA,2025-02-12 06:34:51,BUY,False,650.8,287.184331275348,186899.562793997
253,TSLA,2025-02-26 20:10:59,BUY,False,649,296.478235771626,192414.375015785
72,TSLA,2025-02-07 04:45:29,BUY,False,650.1,286.136427453948,186017.291487812
224,TSLA,2025-02-04 08:35:05,BUY,False,648.2,325.609546435126,211060.107999249
11,TSLA,2025-02-01 21:33:37,BUY,False,649.2,943.583483033651,612574.397185446
193,TSLA,2025-02-05 13:02:23,SELL,True,651.2,814.757361676101,530569.993923477
67,TSLA,2025-02-07 14:05:58,SELL,True,649.6,175.730546694551,114154.56313278
53,TSLA,2025-02-02 05:36:43,SELL,True,650.8,461.068275315139,300063.233575092
9,TSLA,2025-02-22 06:44:43,SELL,True,649.5,31.5898429571277,20517.6030006545
118,TSLA,2025-02-20 19:36:29,SELL,True,649.9,914.365829053855,594246.352302101
12,TSLA,2025-02-22 23:33:06,SELL,True,649.6,209.721630286578,136235.171034161
18,TSLA,2025-02-07 11:02:55,SELL,True,651.8,243.965960268043,159017.012902711
43,TSLA,2025-02-09 22:48:14,SELL,True,651.4,446.093456784717,290585.277749565
138,TSLA,2025-02-18 05:23:24,SELL,True,649.4,743.618032766807,482905.550478765
24,TSLA,2025-02-18 15:28:32,SELL,True,650.2,962.219831187416,625635.334238058
268,TSLA,2025-02-26 09:10:44,SELL,True,648.7,272.793556860993,176961.180335726
101,TSLA,2025-02-28 02:38:09,SELL,True,649.1,411.020783523556,266793.59058514
135,TSLA,2025-02-06 01:41:34,SELL,True,650.1,720.943673745998,468685.482302274
247,TSLA,2025-02-07 23:16:18,SELL,True,650,799.339831722029,519570.890619319
108,TSLA,2025-02-02 01:05:21,SELL,True,649.3,152.030978916641,98713.7146105749
10,TSLA,2025-02-18 01:05:43,SELL,False,650.8,821.788204382151,534819.763411904
297,TSLA,2025-02-17 13:55:31,SELL,False,649.6,847.697715007019,550664.43566856
35,TSLA,2025-02-04 11:39:30,SELL,False,649.8,364.054270043907,236562.464674531
28,TSLA,2025-02-07 10:48:05,SELL,False,650.1,270.307135899799,175726.669048459
156,TSLA,2025-02-28 23:23:38,SELL,False,650.2,692.700208336335,450393.675460285
126,TSLA,2025-02-18 08:05:46,SELL,False,649.7,921.841019978721,598920.110680175
29,TSLA,2025-02-13 03:56:22,SELL,False,650.2,829.590510998691,539399.750251349
235,TSLA,2025-02-14 14:40:06,SELL,False,649.9,636.55492571298,413697.046220866
128,TSLA,2025-02-02 20:02:54,SELL,False,649.9,206.061195369662,133919.170870743
298,TSLA,2025-02-24 08:23:59,SELL,False,651.3,469.797934089371,305979.394472407
290,TSLA,2025-02-07 22:21:48,SELL,False,650.8,989.882733908897,644215.68322791
233,TSLA,2025-02-27 00:18:13,SELL,False,650.1,556.891155707562,362034.940325486
119,TSLA,2025-02-17 19:31:14,SELL,False,650.4,586.827352585453,381672.510121579
283,TSLA,2025-02-10 04:51:25,SELL,False,650.1,485.639968703574,315714.543654193
32,TSLA,2025-02-22 03:36:51,SELL,False,650.5,330.653663271349,215090.207958013
159,TSLA,2025-02-05 01:56:24,SELL,False,650.2,779.928111144624,507109.257866234
105,TSLA,2025-02-15 10:18:14,SELL,False,651.6,564.511131750259,367835.453448469
18,TSLA,2025-02-18 20:45:36,SELL,False,651.2,375.112751547862,244273.423807968
290,TSLA,2025-02-05 04:22:10,SELL,False,650.3,524.789461944351,341270.587102411
54,TSLA,2025-02-15 02:13:16,SELL,False,649.8,250.545472329105,162804.447919453
201,TSLA,2025-02-07 07:35:38,SELL,False,650.3,137.149568952118,89188.3646895624
91,TSLA,2025-02-13 21:10:12,SELL,False,650.9,208.981691654748,136026.183098076
242,TSLA,2025-02-09 22:48:03,SELL,False,650.1,157.516659402503,102401.580277567
39,TSLA,2025-02-07 15:57:33,SELL,False,650.4,871.555258015781,566859.539813464
203,TSLA,2025-02-06 20:02:47,SELL,False,650,655.156163356294,425851.506181591
170,TSLA,2025-02-17 15:44:34,SELL,False,649,936.443178651381,607751.622944746
242,TSLA,2025-02-28 01:15:33,SELL,False,649.9,204.013063516781,132588.089979556
87,TSLA,2025-02-18 05:55:31,SELL,False,652.4,605.290811803744,394891.725620762
10,TSLA,2025-02-20 07:01:26,SELL,False,650,832.667625356062,541233.95648144
2,TSLA,2025-02-22 22:52:18,SELL,False,650.8,529.338187206459,344493.292233964
48,TSLA,2025-02-23 00:28:30,SELL,False,650.3,331.289382541748,215437.485466899
179,TSLA,2025-02-03 19:28:53,SELL,False,650.6,775.127800558805,504298.147043559
75,TSLA,2025-02-03 06:07:48,SELL,False,650.4,757.675013473489,492791.828763157
153,TSLA,2025-02-09 15:12:52,SELL,False,649.9,288.065741604426,187213.925468716
194,TSLA,2025-02-13 23:10:05,SELL,False,648.4,379.340337824828,245964.275045618
232,TSLA,2025-02-20 12:19:15,SELL,False,647.2,450.963162670985,291863.358880662
239,TSLA,2025-02-06 00:41:22,SELL,False,649.1,595.571159461783,386585.239606644
117,TSLA,2025-02-18 05:21:43,SELL,False,652.1,441.059200794989,287614.704838412
12,TSLA,2025-02-13 23:52:36,SELL,False,647.2,209.008784238937,135270.48515944
23,TSLA,2025-02-25 20:39:40,SELL,False,648.5,399.849659580001,259302.50423763
236,TSLA,2025-02-19 00:52:27,SELL,False,649.5,647.718614040746,420693.239819465
293,TSLA,2025-02-28 05:01:54,SELL,False,649.9,529.86869857463,344361.667203652
272,TSLA,2025-02-06 10:01:35,SELL,False,649.5,128.690094270279,83584.2162285462
16,TSLA,2025-02-03 15:48:53,SELL,False,649.8,143.72237043741,93390.7963102291
215,TSLA,2025-02-10 20:55:36,SELL,False,650.6,721.338629422453,469302.912302248
231,TSLA,2025-02-12 04:43:01,SELL,False,652,949.796797534431,619267.511992449
255,TSLA,2025-02-10 09:55:24,SELL,False,649.1,280.976659619781,182381.9497592
128,TSLA,2025-02-28 09:40:48,SELL,False,649.8,226.62491328856,147260.868654906
158,TSLA,2025-02-08 01:17:39,SELL,False,648.4,344.903764661679,223635.601006633
200,TSLA,2025-02-12 17:12:51,SELL,False,649.7,444.736688215608,288945.42633368
283,TSLA,2025-02-16 03:57:01,SELL,False,648.7,212.870141776208,138088.860970226
284,TSLA,2025-02-16 17:20:31,SELL,False,649.8,39.9469144918187,25957.5050367838
3,TSLA,2025-02-22 23:21:09,SELL,False,649.9,735.415352872089,477946.437831571
175,TSLA,2025-02-15 23:28:07,SELL,False,649.9,651.855576217611,423640.938983826
87,TSLA,2025-02-03 03:02:10,SELL,False,649.2,973.878578809316,632241.973363008
211,TSLA,2025-02-04 11:18:01,SELL,False,649.6,204.595319150946,132905.119320454
189,TSLA,2025-02-20 06:57:26,SELL,False,648.9,267.031098773697,173276.479994252
121,TSLA,2025-02-27 21:39:57,SELL,False,650.3,446.509896586647,290365.385750297
295,TSLA,2025-02-13 06:56:38,SELL,False,650.3,117.658286649953,76513.1838084644
125,TSLA,2025-02-17 13:25:51,SELL,False,648.6,795.200006024115,515766.723907241
275,MSFT,2025-02-17 05:37:20,BUY,False,299.3,47.9817499778336,14360.9377683656
224,MSFT,2025-02-12 18:39:15,BUY,False,301.7,683.560600975528,206230.233314317
187,MSFT,2025-02-25 13:55:46,BUY,False,300.6,614.136394260611,184609.40011474
256,MSFT,2025-02-08 02:44:09,BUY,False,299.5,560.458845731138,167857.424296476
263,MSFT,2025-02-10 22:21:07,BUY,False,299.9,555.149892700007,166489.452820732
251,MSFT,2025-02-26 01:36:19,BUY,False,297.5,459.95551931227,136836.7669954
196,MSFT,2025-02-02 18:32:48,BUY,False,301.2,825.281820055448,248574.884200701
236,MSFT,2025-02-03 11:58:36,BUY,False,301.6,955.27081267626,288109.67710316
11,MSFT,2025-02-13 01:44:13,BUY,False,300,99.6775825214697,29903.2747564409
21,MSFT,2025-02-04 09:12:44,BUY,False,297.3,553.043386565894,164419.79882604
294,MSFT,2025-02-10 20:46:30,BUY,False,300,517.967305796031,155390.191738809
47,MSFT,2025-02-15 18:31:25,BUY,False,299.8,162.636038636955,48758.2843833591
260,MSFT,2025-02-23 05:12:28,BUY,False,300.5,297.172717991627,89300.4017564838
194,MSFT,2025-02-04 18:02:39,BUY,False,299.2,836.136191592544,250171.948524489
79,MSFT,2025-02-06 10:59:59,BUY,False,300.5,564.724069391813,169699.58285224
228,MSFT,2025-02-08 14:41:10,BUY,False,301.7,179.420443205199,54131.1477150085
224,MSFT,2025-02-25 16:16:36,BUY,False,299.5,444.240499796147,133050.029688946
39,MSFT,2025-02-13 00:57:41,BUY,False,300.5,697.989069765481,209745.715464527
85,MSFT,2025-02-25 13:49:59,BUY,False,300.3,149.879015885883,45008.6684705308
187,MSFT,2025-02-25 10:49:21,BUY,False,299.2,291.024058854082,87074.3984091414
71,MSFT,2025-02-24 05:05:21,BUY,False,299.5,788.237138349777,236077.022935758
79,MSFT,2025-02-12 11:27:52,BUY,False,300.6,592.415985728804,178080.245310079
140,MSFT,2025-02-28 11:18:29,BUY,False,299.1,867.81359127207,259563.045149476
267,MSFT,2025-02-28 12:06:05,BUY,False,300,86.8663948656495,26059.9184596948
277,MSFT,2025-02-15 07:49:18,BUY,False,299.2,674.88914059427,201926.830865806
55,MSFT,2025-02-10 13:21:24,BUY,False,300.7,389.86498685202,117232.401546402
12,MSFT,2025-02-28 11:21:40,BUY,False,300.1,334.467735319519,100373.767369388
287,MSFT,2025-02-23 13:23:18,BUY,False,299,418.473063821909,125123.446082751
198,MSFT,2025-02-13 11:45:37,BUY,False,301.2,517.867985429878,155981.837211479
117,MSFT,2025-02-11 11:35:00,BUY,False,300.9,821.481207393845,247183.695304808
145,MSFT,2025-02-02 12:49:39,BUY,False,299.9,240.007844265526,71978.3524952312
34,MSFT,2025-02-20 00:56:32,BUY,False,299.6,446.190298006241,133678.61328267
207,MSFT,2025-02-13 00:53:24,BUY,False,300,145.811268045841,43743.3804137522
147,MSFT,2025-02-21 12:28:06,BUY,False,301.6,588.983106757041,177637.304997924
49,MSFT,2025-02-20 17:28:30,BUY,False,299.4,937.911504206062,280810.704359295
214,MSFT,2025-02-16 22:51:43,BUY,False,300.2,481.110386855396,144429.33813399
198,MSFT,2025-02-27 02:01:22,BUY,False,299.7,267.363522821054,80128.84778947
146,MSFT,2025-02-22 08:58:12,BUY,False,299.4,7.1720250578542,2147.30430232155
57,MSFT,2025-02-13 18:46:12,BUY,False,300.6,277.638977882965,83458.2767516193
20,MSFT,2025-02-15 13:20:59,BUY,False,300.1,505.39337030619,151668.550428888
254,MSFT,2025-02-09 07:34:43,BUY,False,301,117.841604931603,35470.3230844124
185,MSFT,2025-02-24 00:52:39,BUY,False,301.3,907.18046614932,273333.47445079
168,MSFT,2025-02-28 06:18:24,BUY,False,299.3,629.093174171096,188287.587029409
182,MSFT,2025-02-15 08:24:20,BUY,False,299.6,601.115186395233,180094.109844012
214,MSFT,2025-02-25 17:16:37,BUY,False,299.7,966.606604216058,289691.999283553
261,MSFT,2025-02-27 18:08:37,BUY,False,301.1,673.509089273231,202793.58678017
78,MSFT,2025-02-17 04:06:01,BUY,False,301.7,335.053691589347,101085.698752506
259,MSFT,2025-02-03 07:33:02,BUY,False,300.2,447.012571991451,134193.174111834
211,MSFT,2025-02-08 23:37:07,BUY,False,300,447.831840983078,134349.552294923
35,MSFT,2025-02-17 02:43:24,BUY,False,301,830.930216141009,250109.995058444
257,MSFT,2025-02-11 15:32:47,BUY,False,300.6,437.820792193909,131608.930133489
58,MSFT,2025-02-14 09:51:06,BUY,False,301.1,568.389733930347,171142.148886427
265,MSFT,2025-02-17 06:12:00,BUY,False,298.5,444.994101469255,132830.739288573
199,MSFT,2025-02-14 12:52:42,BUY,False,299.8,686.169551956003,205713.63167641
164,MSFT,2025-02-12 16:33:22,BUY,False,300.8,629.549374895074,189368.451968438
89,MSFT,2025-02-16 12:44:52,BUY,False,299.3,240.806321977037,72073.3321677272
256,MSFT,2025-02-21 10:13:48,BUY,False,301.1,813.592946255801,244972.836117622
63,MSFT,2025-02-24 17:17:20,BUY,False,298.7,851.576450655455,254365.885810785
246,MSFT,2025-02-07 22:35:18,BUY,False,300.5,153.846337960801,46230.8245572208
156,MSFT,2025-02-05 04:10:32,BUY,False,297.9,950.702411671965,283214.248437078
182,MSFT,2025-02-19 02:39:22,BUY,False,300,883.93769158833,265181.307476499
103,MSFT,2025-02-09 13:21:02,BUY,False,300.3,824.155115627897,247493.781223057
257,MSFT,2025-02-25 13:15:01,BUY,False,300.6,657.885173088975,197760.283030546
147,MSFT,2025-02-16 09:33:03,BUY,False,300.6,710.588927285647,213603.031542066
169,MSFT,2025-02-02 00:33:26,BUY,False,299.6,758.864382650994,227355.769042238
28,MSFT,2025-02-21 06:11:01,BUY,False,298.4,96.8933514312364,28912.9760670809
25,MSFT,2025-02-05 22:00:12,BUY,False,298.9,68.3128240363861,20418.7031044758
147,MSFT,2025-02-23 06:23:01,BUY,False,299.7,64.8043086862132,19421.8513132581
202,MSFT,2025-02-15 18:26:05,BUY,False,297.6,914.371925366899,272117.084989189
140,MSFT,2025-02-22 19:49:42,BUY,False,300.7,628.327982758986,188938.224415627
210,MSFT,2025-02-25 21:09:13,BUY,False,299.3,937.445361859174,280577.396804451
118,MSFT,2025-02-18 07:51:02,BUY,False,299.3,375.326076858533,112335.094803759
91,MSFT,2025-02-22 19:07:34,BUY,False,300.6,87.1748582415821,26204.7623874196
88,MSFT,2025-02-12 06:21:44,BUY,False,297.7,229.276329232976,68255.563212657
212,MSFT,2025-02-04 11:23:05,BUY,False,299.7,76.9051622590954,23048.4771290509
6,MSFT,2025-02-06 09:47:14,BUY,False,299.9,944.467177403869,283245.70650342
247,MSFT,2025-02-21 01:48:30,BUY,False,299.6,658.798226666866,197375.948709393
55,MSFT,2025-02-05 12:07:31,BUY,False,299.2,396.555777809783,118649.488720687
18,MSFT,2025-02-25 12:23:58,BUY,False,300,658.622170819388,197586.651245817
273,MSFT,2025-02-09 01:39:33,BUY,False,298.2,253.632068291235,75633.0827644462
22,MSFT,2025-02-24 01:44:17,BUY,False,300,335.746161692207,100723.848507662
36,MSFT,2025-02-20 08:00:52,BUY,False,300.1,9.06222369967894,2719.57333227365
117,MSFT,2025-02-05 01:59:05,BUY,False,300.3,389.148896316279,116861.413563779
33,MSFT,2025-02-07 22:37:34,BUY,False,299.6,453.880681648614,135982.652221925
277,MSFT,2025-02-02 19:24:40,BUY,False,300.3,938.098839508721,281711.081504469
186,MSFT,2025-02-20 22:37:48,BUY,False,298.4,320.539172487415,95648.8890702447
122,MSFT,2025-02-05 23:00:45,BUY,False,298.9,337.220783066823,100795.292058673
263,MSFT,2025-02-16 01:13:40,BUY,False,300.7,915.464201123615,275280.085277871
123,MSFT,2025-02-13 11:52:35,BUY,False,299.5,822.386921339407,246304.882941152
197,MSFT,2025-02-03 20:52:57,BUY,False,300.5,818.48247775328,245953.984564861
202,MSFT,2025-02-01 10:35:33,BUY,False,300.6,310.247297690092,93260.3376856415
8,MSFT,2025-02-18 15:05:48,BUY,False,300.7,378.355064107963,113771.367777264
284,MSFT,2025-02-07 06:21:06,BUY,False,298.7,554.794632797974,165717.156816755
277,MSFT,2025-02-22 01:15:26,BUY,False,301,124.105514515068,37355.7598690354
19,MSFT,2025-02-07 08:26:39,BUY,False,299.8,987.784683580556,296137.848137451
212,MSFT,2025-02-20 02:53:14,BUY,False,297.6,96.0907613277157,28596.6105711282
242,MSFT,2025-02-27 02:02:17,BUY,False,301.3,868.651679051878,261724.750898331
18,MSFT,2025-02-25 19:28:19,BUY,False,300.9,642.983094174686,193473.613037163
282,MSFT,2025-02-03 18:05:17,BUY,False,298.8,553.487831386063,165382.164018156
14,MSFT,2025-02-24 05:39:30,BUY,False,301.7,267.95714508376,80842.6706717705
147,MSFT,2025-02-17 05:40:17,SELL,True,299.4,787.993249774129,235925.178982374
256,MSFT,2025-02-09 10:01:28,SELL,True,300.1,277.22163773355,83194.2134838385
173,MSFT,2025-02-21 14:19:09,SELL,True,299.9,874.409334180487,262235.359320728
259,MSFT,2025-02-03 20:07:12,SELL,True,298.7,267.791834645816,79989.4210087051
152,MSFT,2025-02-01 14:44:49,SELL,True,302.6,43.1677326841908,13062.5559102361
61,MSFT,2025-02-15 06:21:26,SELL,True,297.8,109.522812685901,32615.8936178612
235,MSFT,2025-02-21 19:59:43,SELL,True,301.5,848.357384905979,255779.751549153
47,MSFT,2025-02-24 20:34:53,SELL,True,302.1,599.397212778201,181077.897980294
23,MSFT,2025-02-09 20:56:58,SELL,True,299.4,339.171517950411,101547.952474353
103,MSFT,2025-02-13 08:00:58,SELL,True,300.2,969.075756940792,290916.542233626
150,MSFT,2025-02-22 20:53:49,SELL,True,300.2,255.088224623499,76577.4850319744
277,MSFT,2025-02-06 12:09:22,SELL,True,299,703.508863208653,210349.150099387
275,MSFT,2025-02-15 14:37:56,SELL,True,300.5,384.856519443849,115649.384092877
122,MSFT,2025-02-24 23:00:49,SELL,True,301.2,620.061567147115,186762.544024711
250,MSFT,2025-02-27 18:19:24,SELL,True,299.5,182.619477479546,54694.5335051239
45,MSFT,2025-02-09 12:19:44,SELL,False,300,80.97121990684,24291.365972052
99,MSFT,2025-02-20 09:04:20,SELL,False,299.1,411.996576891776,123228.17614833
1,MSFT,2025-02-10 06:55:51,SELL,False,301.2,756.62919643748,227896.713966969
12,MSFT,2025-02-25 13:51:46,SELL,False,301,342.857383162521,103200.072331919
240,MSFT,2025-02-06 19:32:46,SELL,False,300.1,288.759635101317,86656.7664939051
240,MSFT,2025-02-12 16:21:24,SELL,False,299.6,835.855429625003,250422.286715651
44,MSFT,2025-02-26 08:58:36,SELL,False,301.5,472.465448273763,142448.332654539
243,MSFT,2025-02-15 22:40:03,SELL,False,300.7,710.177490877323,213550.371506811
109,MSFT,2025-02-14 10:44:31,SELL,False,298.8,222.183755592101,66388.5061709198
30,MSFT,2025-02-06 09:08:54,SELL,False,300.8,215.495828999349,64821.1453630042
186,MSFT,2025-02-15 09:43:06,SELL,False,299.5,586.224563721955,175574.256834726
153,MSFT,2025-02-15 20:59:46,SELL,False,298.8,991.231454520301,296179.958610666
153,MSFT,2025-02-02 01:21:28,SELL,False,300.7,392.06661612594,117894.43146907
116,MSFT,2025-02-25 22:26:57,SELL,False,299.2,905.534249913531,270935.847574128
55,MSFT,2025-02-14 03:58:12,SELL,False,301.1,431.708449270478,129987.414075341
70,MSFT,2025-02-05 17:18:10,SELL,False,300.5,329.952769809823,99150.8073278517
141,MSFT,2025-02-07 17:32:02,SELL,False,300,998.251838720412,299475.551616124
64,MSFT,2025-02-10 20:34:21,SELL,False,299.6,748.431449355825,224230.062227005
16,MSFT,2025-02-14 22:13:54,SELL,False,300.1,835.305607929579,250675.212939667
263,MSFT,2025-02-25 01:21:28,SELL,False,300.5,924.032541332621,277671.778670453
108,MSFT,2025-02-26 17:25:35,SELL,False,301.4,601.643777274108,181335.434470416
106,MSFT,2025-02-10 04:17:10,SELL,False,299.2,705.930009884862,211214.258957551
268,MSFT,2025-02-27 19:45:24,SELL,False,300.3,662.280257874817,198882.761439808
152,MSFT,2025-02-21 20:09:01,SELL,False,300.1,400.34107909717,120142.357837061
178,MSFT,2025-02-28 20:37:59,SELL,False,299.7,59.1420652825964,17724.8769651942
261,MSFT,2025-02-12 14:45:24,SELL,False,299.3,85.6133339355557,25624.0708469118
83,MSFT,2025-02-15 17:32:52,SELL,False,300.6,153.623037888041,46179.085189145
162,MSFT,2025-02-06 06:15:50,SELL,False,300.4,933.881631570688,280538.042123835
74,MSFT,2025-02-25 07:31:30,SELL,False,300.9,648.149893160912,195028.302852118
167,MSFT,2025-02-06 07:23:19,SELL,False,299.3,651.530045212419,195002.942532077
166,MSFT,2025-02-28 01:27:43,SELL,False,301.3,824.532107120775,248431.52387549
73,MSFT,2025-02-15 08:27:36,SELL,False,301.3,82.5385818617392,24868.874714942
54,MSFT,2025-02-12 08:28:44,SELL,False,300.9,765.11671658969,230223.620021838
130,MSFT,2025-02-11 00:59:08,SELL,False,298.1,885.840339693893,264069.00526275
96,MSFT,2025-02-09 12:03:24,SELL,False,300.1,878.836559772374,263738.85158769
39,MSFT,2025-02-20 17:32:17,SELL,False,300,960.738573427637,288221.572028291
38,MSFT,2025-02-04 16:04:40,SELL,False,300.6,197.791379958967,59456.0888156654
27,MSFT,2025-02-01 14:53:47,SELL,False,298.9,146.215697127903,43703.8718715302
262,MSFT,2025-02-16 13:19:25,SELL,False,298.7,863.000499232228,257778.249120666
71,MSFT,2025-02-12 10:56:08,SELL,False,301.1,771.432806836787,232278.418138557
257,MSFT,2025-02-02 16:20:22,SELL,False,299.1,876.200380500714,262071.533807764
74,MSFT,2025-02-14 01:14:44,SELL,False,299.2,178.024904206412,53265.0513385584
173,MSFT,2025-02-28 02:50:43,SELL,False,300.9,139.367692718084,41935.7387388714
189,MSFT,2025-02-10 20:28:50,SELL,False,300.5,554.582185006587,166651.946594479
126,MSFT,2025-02-17 09:54:04,SELL,False,298.5,52.4982871563641,15670.7387161747
287,MSFT,2025-02-13 03:48:14,SELL,False,301.5,465.825806946631,140446.480794409
160,MSFT,2025-02-01 06:28:04,SELL,False,299.7,574.584969346009,172203.115312999
15,MSFT,2025-02-05 21:37:52,SELL,False,299.4,821.284592837643,245892.60709559
142,MSFT,2025-02-14 08:07:25,SELL,False,300.7,323.40710273749,97248.5157931633
122,MSFT,2025-02-24 03:20:45,SELL,False,299.3,822.8083122094,246266.527844274
277,MSFT,2025-02-25 20:32:47,SELL,False,301,723.963903982292,217913.13509867
57,MSFT,2025-02-25 10:11:23,SELL,False,298.6,106.072361943283,31673.2072762642
245,MSFT,2025-02-11 15:40:58,SELL,False,299.4,775.584158193219,232209.89696305
171,MSFT,2025-02-24 03:16:56,SELL,False,299.7,25.9145830271578,7766.60053323918
179,MSFT,2025-02-12 13:02:52,SELL,False,299.8,403.844335788059,121072.53186926
119,MSFT,2025-02-06 10:03:36,SELL,False,301.2,883.413017495912,266084.000869769
134,MSFT,2025-02-13 16:01:18,SELL,False,301.3,609.635754748072,183683.252905594
51,MSFT,2025-02-06 13:56:34,SELL,False,299.8,263.639334608967,79039.0725157684
235,MSFT,2025-02-23 05:54:54,SELL,False,300.9,156.667740795421,47141.3232053422
7,MSFT,2025-02-16 01:36:44,SELL,False,300.5,445.098460886383,133752.087496358
282,MSFT,2025-02-26 12:15:09,SELL,False,299.1,573.155798192289,171430.899239314
146,MSFT,2025-02-26 17:44:48,SELL,False,299.9,947.772192453845,284236.880516908
213,MSFT,2025-02-23 03:08:52,SELL,False,298.3,580.00949369965,173016.831970605
97,MSFT,2025-02-01 02:00:47,SELL,False,299.6,964.601306070053,288994.551298588
141,MSFT,2025-02-17 04:11:28,SELL,False,300.1,241.529955087341,72483.139521711
148,MSFT,2025-02-03 22:06:24,SELL,False,298.1,556.195113769328,165801.763414637
223,MSFT,2025-02-07 15:08:19,SELL,False,301,549.356090375543,165356.183203038
48,MSFT,2025-02-20 19:23:58,SELL,False,300.1,464.439631358803,139378.333370777
142,MSFT,2025-02-08 11:48:03,SELL,False,300.6,366.55591524177,110186.708121676
106,MSFT,2025-02-04 09:25:47,SELL,False,301.3,520.173522101632,156728.282209222
268,MSFT,2025-02-08 14:32:50,SELL,False,299.8,646.829656527099,193919.531026824
298,MSFT,2025-02-01 21:17:53,SELL,False,299.7,236.089963682168,70756.1621155458
208,MSFT,2025-02-11 23:21:07,SELL,False,300.1,877.136403177694,263228.634593626
79,MSFT,2025-02-25 14:16:36,SELL,False,301.2,803.217926619628,241929.239497832
235,MSFT,2025-02-11 06:49:20,SELL,False,299.7,948.578938031065,284289.10772791
12,MSFT,2025-02-26 07:55:19,SELL,False,299.2,249.884191447618,74765.3500811273
176,MSFT,2025-02-18 13:53:41,SELL,False,299.8,301.238298737457,90311.2419614897
260,MSFT,2025-02-03 11:27:23,SELL,False,298.4,62.9624646139472,18787.9994408018
240,MSFT,2025-02-18 00:48:02,SELL,False,300.5,55.4377871899454,16659.0550505786
237,MSFT,2025-02-03 11:27:49,SELL,False,299.4,155.978823783634,46700.0598408202
273,MSFT,2025-02-05 20:59:36,SELL,False,299.9,16.7335473008459,5018.3908355237
120,MSFT,2025-02-28 22:04:32,SELL,False,299.2,641.620098939455,191972.733602685
64,MSFT,2025-02-25 20:38:41,SELL,False,300.7,743.130354970797,223459.297739719
175,MSFT,2025-02-22 11:53:54,SELL,False,300.9,790.18486209717,237766.625005038
97,MSFT,2025-02-04 06:30:31,SELL,False,298.6,980.377916747048,292740.845940668
